1812 2956
516 210 604 247 DE
635 210 1066 249 SPEC'TACULIS.
1420 208 1474 251 19

125 349 262 396 idolis
291 350 480 395 omnino
512 366 606 395 non
633 355 754 397 sunt.

825 353 1000 396 Totum
1027 354 1247 398 saeculum
1279 355 1474 399 Satanas
1493 373 1697 404 CARVIII.

127 431 178 472 et
214 428 371 485 angeli
408 429 507 486 ejus
543 429 852 486 repleverunt.

127 505 298 550 saeculo
333 520 504 557 sumus,
544 521 572 550 a
607 507 715 550 Deo
750 508 1023 559 excidimus»,
1063 509 1148 553 sed
1188 510 1228 553 si
1265 511 1379 566 quid
1416 511 1476 555 de
1495 523 1669 550 lcor.v.10.

126 582 285 629 saeculi
307 583 575 628 criminibus
605 585 913 642 attigerimus.

922 431 1033 475 Non
1069 436 1230 476 tamen
1263 433 1390 488 quod
1427 433 1475 476 in

982 587 1189 631 Proinde
1221 587 1260 631 si
1293 588 1479 645 Capito-

127 660 254 712 lium,
279 661 319 706 si
341 662 595 719 Serapeum
620 663 905 707 sacrificator
920 668 970 708 et
988 665 1210 709 adorator
1226 665 1476 719 intravero,

127 753 158 783 a
179 739 287 784 Deo
311 740 540 795 excidam,
564 741 959 796 quemadmodum
994 743 1181 786 Circum
1201 743 1275 787 vel
1300 747 1480 800 specta-

127 820 218 862 tor.

287 818 419 862 Loca
442 834 528 863 nos
551 834 645 863 non
664 820 986 864 contaminant
1008 835 1093 878 per
1115 835 1179 872 se,
1198 822 1283 865 sed
1307 837 1408 877 quae
1431 823 1480 866 in

128 895 244 940 locis
266 896 398 948 fiunt,
419 911 448 940 a
470 897 638 952 quibus
670 901 721 942 et
743 898 843 954 ipsa
870 898 975 942 loca
1003 899 1312 942 contaminari
1343 900 1482 943 alter-

130 974 226 1018 cati
247 989 418 1019 sumus.
457 975 534 1019 De
556 976 885 1021 contaminatis
910 977 1294 1022 contaminamur.
1335 979 1482 1035 Prop-

130 1054 263 1096 terea
293 1056 452 1096 autem
482 1067 900 1098 commemoramus
925 1055 1092 1111 quibus
1122 1056 1351 1112 ejusmodi
1377 1056 1482 1099 loca

131 1129 360 1184 dicentur,
383 1134 439 1174 ut
472 1145 636 1174 eorum
663 1132 1038 1177 demonstremus
1071 1148 1186 1186 esse,
1211 1149 1313 1190 quae
1340 1134 1388 1176 in
1409 1133 1482 1176 his

130 1206 247 1252 locis
269 1209 399 1259 fiunt,
425 1208 592 1264 quibus
613 1209 714 1266 ipsa
735 1210 840 1254 loca
863 1211 1095 1255 dicantur.

233 1286 375 1330 Nunc
421 1286 482 1330 de
523 1287 722 1331 artificio
766 1302 859 1343 quo
897 1288 1140 1333 Circenses
1187 1289 1481 1333 exhibentur.
1511 1303 1612 1334 CAP.
1627 1302 1692 1333 1x.

1499 1359 1556 1384 The
1567 1360 1610 1384 art
1618 1358 1648 1384 of

1500 1390 1616 1415 chal-iot-

133 1363 229 1408 Res
253 1363 482 1419 equestris
511 1367 640 1407 retro
664 1365 858 1422 simplex
891 1366 951 1410 de
989 1366 1130 1410 dorso
1164 1368 1407 1423 agebatur,
1433 1370 1482 1410 et

133 1441 298 1497 utique
321 1441 580 1485 communis
602 1457 712 1486 usus
733 1457 840 1486 reus
864 1458 958 1487 non
981 1448 1100 1490 erat.

133 1518 270 1563 ludos
295 1522 491 1563 ‘coactus
516 1522 600 1570 est,
627 1520 812 1564 transiit
835 1535 864 1563 a
886 1521 981 1565 Dei
1003 1537 1197 1566 munere
1221 1522 1283 1565 ad
1316 1522 1483 1566 daemo-

134 1597 317 1640 niorum
341 1596 504 1641 officia.
556 1598 723 1653 Itaque
749 1598 932 1643 Castori
955 1603 1006 1643 et
1028 1600 1209 1644 Polluci
1233 1600 1487 1657 deputatur

134 1674 236 1718 haec
271 1674 463 1731 species,
488 1674 655 1730 quibus
690 1690 836 1731 equos
867 1692 896 1720 a
932 1677 1170 1724 Mercurio
1207 1678 1485 1722 distributos

139 1751 431 1796 Stesichorus
455 1751 608 1796 docet.

199 1924 225 1944 ¹¹
244 1924 406 1955 delitescit.
448 1924 508 1954 See
541 1924 653 1960 above,
687 1933 715 1954 c.
749 1933 780 1963 5.

138 1974 304 2006 Plutarch.
318 1973 448 2004 Romul.
461 1983 493 2013 p.
503 1982 553 2012 25,
567 1974 610 2003 D.
632 1973 782 2013 (Frankf.

141 2022 319 2061 1620)=1ca1
333 2021 400 2061 γιὶρ
413 2021 430 2051 ὁ
442 2020 738 2060 βωμὸς(Κῶνσου)
749 2021 783 2050 ἐν

139 2073 190 2113 τῷ
211 2071 338 2111 μείζονι
360 2071 430 2101 τῶν
450 2070 667 2110 ἱπποδρόμων
688 2071 783 2101 ἐστὶν

141 2122 272 2162 ἀφανής
285 2121 347 2152 τὸν
359 2120 468 2151 ἄλλον
479 2119 611 2160 χρόνου,
622 2120 657 2150 ἐν
668 2120 701 2150 δὲ
711 2124 783 2151 τοῖς

142 2173 296 2204 ἱππικοῖς
308 2171 439 2211 ἀγῶσμν
452 2170 783 2208 ἀνακαλυπτόμενος.

205 2223 230 2243 ¹²
249 2222 404 2260 Murtias,
438 2231 481 2252 sc.
512 2224 621 2259 metas,
645 2221 697 2250 ‘It
718 2229 784 2250 was

141 2283 184 2306 an
211 2273 279 2304 idol
306 2273 379 2304 that
406 2271 586 2312 originated
607 2271 663 2301 the
690 2271 784 2300 Mur-

144 2325 212 2357 tian
233 2325 310 2365 gual
330 2323 413 2354 too.'
448 2324 481 2354 A
508 2323 682 2363 particular
710 2324 784 2361 part

144 2376 181 2406 of
207 2374 263 2405 the
291 2374 403 2405 Circus
430 2382 507 2403 near
533 2373 588 2403 the
615 2372 690 2412 goul
718 2381 784 2402 was

143 2425 247 2456 called
283 2425 330 2455 ad
360 2425 531 2459 Mur-tiam,
564 2424 649 2453 from
685 2422 785 2453 Venus

143 2475 284 2513 Mur-iia,
304 2484 341 2506 or
354 2475 494 2514 Myrtea,
508 2477 544 2504 to
558 2474 663 2503 whom
678 2473 704 2503 it
719 2482 784 2502 was

145 2525 267 2556 sacred.
310 2525 397 2555 Plin.
420 2524 463 2555 N.
478 2524 521 2554 H.
545 2532 604 2554 xv.
626 2526 677 2562 36,
699 2523 785 2562 Quin

145 2579 175 2607 et
201 2585 266 2606 ara
291 2578 376 2606 vetus
399 2574 472 2614 ficit
504 2574 614 2605 Veneri
646 2576 784 2612 myrteoe,

146 2636 242 2666 quam
262 2635 343 2656 nunc
363 2625 521 2655 Martiam
530 2634 544 2661 ;
573 2624 680 2654 where
702 2624 786 2654 Har-

148 2677 224 2708 duin
232 2679 347 2716 quotes
356 2676 472 2712 Varro,
478 2674 613 2705 Intimus
621 2673 735 2705 Circus
742 2674 788 2703 ad

147 2727 307 2762 Martiam
332 2724 570 2756 vocatus...Alii
592 2733 656 2755 esse
679 2724 787 2754 dicunt

147 2786 171 2807 a
196 2779 325 2816 myneto
352 2775 538 2812 derivatam,
565 2774 651 2814 quod
680 2773 726 2803 ibi
752 2772 789 2803 id

675 1753 771 1797 Sed
794 1757 844 1798 et
867 1755 1118 1812 Neptunus
1142 1755 1372 1812 equestris
1399 1759 1485 1806 est,

142 1843 282 1886 quem
328 1829 483 1874 Graeci
518 1827 723 1876 *Ἰνι-ἰι-ιονι
765 1833 1013 1888 appellant.

1097 1833 1174 1877 De
1207 1834 1331 1891 ,jugo
1376 1847 1487 1876 vero

847 1925 955 1964 fuerit,
979 1926 1067 1965 cujus
1091 1927 1254 1967 vestiqium
1274 1930 1386 1964 manet,
1406 1926 1492 1966 quod

848 1975 894 2006 ibi
906 1977 1055 2006 sacellum
1068 1977 1162 2006 etiam
1174 1986 1255 2006 nunc
1273 1976 1408 2006 Murtiae
1434 1975 1490 2006 Ve-

848 2023 943 2054 neris.
970 2024 1084 2063 Comp.
1094 2024 1195 2063 Apul.
1210 2024 1290 2054 Met.
1302 2033 1349 2054 vx.
1360 2026 1390 2059 8,
1405 2027 1491 2053 retro

848 2077 947 2104 metas
979 2074 1136 2104 Murtias.
1184 2073 1265 2104 Cod.
1300 2074 1366 2112 Ag.
1399 2073 1491 2103 reads

849 2121 1008 2158 Murciae,
1023 2122 1078 2151 the
1097 2123 1163 2151 rest
1175 2121 1330 2151 Murtias.
1372 2121 1491 2150 Where

852 2170 966 2200 Gelen.
996 2170 1060 2199 and
1095 2169 1215 2199 Pamel.
1252 2169 1328 2199 read
1362 2169 1491 2205 amoris,

852 2220 932 2251 Cod.
947 2220 978 2251 A
984 2229 1016 2259 g.
1033 2219 1097 2249 and
1113 2219 1242 2258 Gangn.
1256 2218 1336 2248 have
1354 2228 1491 2248 marmo-

850 2271 910 2302 ris.
939 2270 1018 2300 This
1031 2269 1084 2299 led
1102 2269 1216 2309 Rigalt
1230 2271 1264 2299 to
1278 2269 1378 2308 adopt
1394 2269 1490 2299 Mur-

851 2322 929 2358 cias,
942 2320 1005 2350 and
1020 2319 1203 2359 conjecture
1217 2319 1381 2356 marcoris,
1395 2322 1493 2357 quot-

851 2371 909 2409 ing
919 2371 950 2401 S.
962 2370 1052 2409 Aug.
1066 2370 1106 2400 C.
1117 2370 1161 2399 D.
1173 2377 1218 2399 lv.
1233 2372 1278 2406 16,
1290 2369 1363 2398 who
1377 2369 1492 2408 speaks

852 2422 888 2451 of
904 2421 1049 2455 Murcia,
1064 2420 1125 2450 dea
1138 2420 1305 2450 marcoris.
1334 2419 1411 2458 Rig.
1426 2419 1492 2449 also

851 2472 943 2502 reads
957 2470 1109 2501 delitescit
1122 2469 1281 2500 Murciae.
1323 2469 1399 2499 Has
1415 2478 1492 2508 quo-

852 2531 911 2562 que
917 2532 932 2558 ‚·
948 2522 1012 2551 and
1023 2521 1049 2550 is
1058 2521 1090 2549 in
1100 2520 1164 2550 this
1178 2519 1330 2550 followed
1342 2520 1382 2559 by
1398 2519 1492 2550 Oehl.

852 2573 920 2603 But
946 2572 973 2601 it
999 2571 1026 2600 is
1052 2570 1171 2609 merely
1197 2569 1410 2609 conjectural3
1438 2570 1494 2600 the

854 2620 936 2650 Cod.
963 2618 1035 2659 Ag.
1060 2618 1137 2648 here
1160 2618 1315 2658 agreeing
1336 2617 1415 2648 with
1438 2617 1494 2647 the

854 2674 931 2701 rest.

916 2720 978 2750 Ch.
993 2719 1058 2751 IX.
1079 2718 1237 2750 1’ί“ιι”1ιίιιιι.
1278 2718 1379 2758 soph.
1415 2718 1495 2749 OEd.

858 2769 930 2802 Col.
952 2779 1021 2810 713.

1174 1445 1269 1488 Sed
1292 1459 1398 1488 cum
1421 1443 1482 1487 ad
1499 1419 1704 1488 ffiffiffiggu-

1498 1489 1546 1512 mg
1555 1481 1622 1512 gods
1631 1481 1675 1506 for

1501 1513 1535 1539 its
1545 1513 1663 1544 patrous.
