1812 2956
359 219 413 260 32
705 229 1122 270 TERTULLIANI
1157 226 1334 273 LIBER

141 362 240 393 CAP.
260 364 338 395 XV·
357 357 562 400 affectus.
630 358 849 402 Ceterum
881 361 919 403 si
948 367 1098 405 cessat
1132 365 1338 417 affectus,
1362 367 1486 410 nulla
1515 372 1588 412 est
1616 350 1693 412 vo-

355 432 519 488 luptas,
547 437 596 475 et
625 438 696 477 est
719 449 825 478 reus
851 436 951 492 jam
973 438 1050 482 ille
1071 441 1285 485 vanitatis
1310 457 1366 486 eo
1402 445 1691 496 conveniens,

356 509 436 551 ubi
466 509 579 553 nihil
613 513 923 566 consequitur.
993 515 1117 559 Puto
1152 523 1321 570 autem,
1347 520 1488 563 etiam
1514 521 1692 565 vanitas

356 590 579 630 extranea
614 592 686 631 est
722 590 867 634 nobis.
941 592 1078 644 Quid,
1115 596 1240 649 quod
1271 600 1321 640 et
1353 597 1451 653 ipse
1486 612 1536 641 se
1568 598 1692 654 judi-

356 667 432 705 cat
462 664 585 707 inter
616 680 696 708 eos
730 668 920 722 positus,
946 684 1140 724 quorum
1174 687 1224 715 se
1258 673 1350 716 suis
1384 674 1498 717 item
1530 674 1691 718 nolens

355 739 517 794 utique
549 742 884 787 detestatorem
919 748 1202 792 confitetur?
1270 750 1419 795 Nobis
1453 751 1564 795 satis
1597 766 1691 795 non

356 820 440 867 est,
478 818 516 860 si
549 819 636 874 ipsi
671 820 783 863 nihil
814 821 907 866 tale
941 823 1148 875 facimus,
1174 826 1262 869 nisi
1296 830 1346 870 et
1378 827 1489 870 talia
1521 827 1691 872 facien-

354 894 479 937 tibus
513 911 606 938 non
638 898 943 944 conferamur.

355 973 663 1017 concurrebas
706 989 811 1017 cum
847 991 915 1020 eo.

1014 902 1062 945 Si
1095 903 1258 954 furem,
1294 904 1458 959 inquit,
1488 905 1688 956 videbas,

986 977 1180 1021 Utinam
1216 994 1275 1022 ne
1314 981 1362 1022 in
1393 981 1562 1024 saeculo
1594 982 1691 1037 qui-

354 1047 462 1090 dem
502 1049 637 1093 simul
677 1066 783 1094 cum
826 1052 913 1096 illis
962 1069 1272 1106 moraremur3
1321 1057 1405 1100 sed
1445 1061 1602 1101 tamen
1641 1058 1688 1101 in

353 1125 646 1170 saeeularibus
678 1143 954 1184 separamur,
980 1131 1087 1185 quia
1121 1132 1338 1175 saeculum
1371 1133 1465 1176 Dei
1499 1139 1583 1185 est,
1607 1149 1688 1178 sae-

353 1201 525 1245 cularia
558 1207 716 1247 autem
750 1206 933 1250 diaboli.

136 980 206 1006 Psal.
217 980 233 1005 1.
247 980 284 1005 18.

134 1135 149 1160 1
161 1135 224 1161 Joh.
238 1135 262 1160 ii.
276 1136 313 1162 16.

133 1278 312 1356 Τὴῦἐρξὲ-Ῑ·
454 1279 572 1322 Cum
618 1296 731 1337 ergo
775 1282 905 1326 furor
941 1284 1234 1329 interdicitur
1273 1288 1418 1338 nobis,
1461 1288 1520 1331 ab
1563 1290 1688 1332 omni

133 1355 327 1416 girtgfflb‘i’tfsssffigee
351 1357 615 1411 spectaculo
656 1359 919 1411 auferimur,
959 1362 1099 1404 etiam
1133 1378 1161 1406 a
1194 1363 1342 1414 Circo,
1377 1364 1458 1407 ubi
1503 1365 1687 1422 proprie

133 1416 310 1473 {uhssdc‘ssgfis‘fff
349 1433 499 1476 furor¹
531 1435 763 1490 praesidet.
833 1438 1004 1494 Aspice
1038 1439 1259 1495 populum
1282 1441 1343 1483 ad
1372 1442 1687 1497 spectaculum

341 1510 441 1565 jam
476 1525 582 1553 cum
611 1513 769 1556 furore
791 1516 1067 1566 venientem,
1084 1517 1183 1572 jam
1217 1518 1566 1569 tumultuosum,
1585 1519 1686 1574 jam

349 1601 536 1638 caecum,
562 1589 661 1645 jam
685 1590 746 1633 de
768 1593 1111 1647 sponsionibus²
1144 1594 1441 1640 concitatum.
1504 1596 1685 1639 Tardus

348 1706 462 1743 wrath,
475 1707 538 1736 and
551 1708 606 1737 the
619 1708 693 1739 like.
735 1708 800 1739 For
812 1709 867 1740 the
880 1719 936 1741 use
950 1711 986 1740 of

348 1755 422 1793 suis,
438 1765 490 1786 see
503 1757 618 1794 below,
633 1767 659 1787 c.
676 1760 723 1795 28,
738 1762 813 1789 note
829 1769 858 1789 x.

1049 1710 1236 1749 ἱππομανία
1257 1711 1312 1742 καὶ
1335 1711 1477 1743 πολλᾶν
1498 1712 1559 1750 ἤδη
1581 1725 1685 1744 σπον-

1049 1760 1148 1790 aalma
1168 1762 1253 1791 εἶναι
1269 1761 1450 1792 δοκούντων
1463 1762 1682 1799 ἐπείληπται.

408 1805 468 1836 Ch.
489 1807 585 1837 XVI.
609 1807 618 1825 ¹
631 1807 743 1846 furor.
793 1809 862 1839 The
880 1809 983 1849 fitror

350 1854 439 1885 Circi
459 1865 524 1885 was
546 1858 735 1895 proverbial.
777 1859 877 1897 Apul.
902 1860 981 1890 Met.

346 1913 377 1934 x.
396 1915 452 1942 29:
472 1905 526 1935 Ad
537 1910 711 1945 conseptum
731 1917 834 1939 caveoe
850 1918 982 1948 pompa-

346 1954 531 1993 ticofurore
545 1955 692 1987 deducor.
726 1957 817 1988 Lact.
839 1958 982 1998 Epitom.

346 2015 372 2036 c.
385 2016 419 2043 9:
437 2005 549 2036 Circus
562 2016 634 2037 vero
646 2008 836 2038 innocentior
846 2009 983 2039 oestima-

348 2059 410 2092 tur,
424 2056 480 2086 sed
492 2057 596 2095 major
615 2058 666 2087 hic
675 2058 780 2097 furor
795 2062 840 2089 est
847 2069 862 2095 ;
882 2059 983 2098 siqui-

345 2106 412 2136 dem
429 2111 540 2137 mentes
552 2109 756 2146 spectantium
770 2112 861 2139 tanta
864 2110 981 2148 jerun-

344 2159 398 2186 tur
410 2157 547 2194 insania,
556 2161 591 2187 ut
601 2167 660 2187 non
674 2158 764 2187 modo
776 2159 821 2188 ad
831 2160 981 2197 convicia,

344 2206 400 2236 sed
407 2207 502 2236 etiam
513 2207 546 2237 in
555 2207 648 2237 rixas
655 2216 771 2237 necnon
781 2211 810 2237 et
819 2208 853 2237 in
862 2209 981 2246 proelia

344 2259 374 2286 et
386 2256 592 2286 contentiones
602 2266 682 2296 soepe
692 2261 890 2296 consurqant.
913 2258 980 2287 Lu-

345 2307 426 2337 cian.
454 2307 546 2346 Nigr.
570 2317 598 2338 c.
627 2317 679 2345 29:
703 2307 761 2343 ἤδη
790 2308 823 2337 δὲ
848 2308 979 2337 τούτων

344 2357 499 2387 ἀποστ-αὶ·
520 2359 588 2387 τῶν
606 2357 722 2387 ἄλλων
745 2356 835 2387 αὖθις
856 2357 980 2395 ἀνθρώ-

344 2417 418 2436 πων
431 2406 607 2445 ἐμέμνητο,
622 2407 675 2437 καὶ
690 2406 754 2436 τοὶς
766 2406 800 2436 ἐν
813 2407 859 2445 τῇ
877 2406 980 2436 πόλει

344 2455 498 2495 ταραχάς
524 2455 646 2495 διεξῄει
673 2457 728 2486 καὶ
750 2457 812 2486 τὸν
835 2455 979 2494 ω’θισμὸν

347 2506 456 2535 αὐτῶν
469 2507 523 2535 καὶ
537 2506 583 2536 τά
597 2506 720 2544 θέατρα
733 2506 787 2536 καὶ
801 2507 863 2536 τὸν
875 2505 979 2535 ἱππό-

347 2555 474 2593 δρομον,
485 2555 539 2585 καὶ
552 2555 613 2585 τάς
626 2557 695 2586 τῶν
705 2555 845 2594 ἡνιόχων
853 2554 979 2585 εἰκόνας

346 2604 454 2634 καὶτιὶ
466 2607 535 2634 τῶν
547 2605 663 2634 ἵππων
677 2604 825 2643 ὀνόματα
834 2605 890 2634 καὶ
903 2604 980 2634 τοὺς

345 2654 379 2683 ἐν
412 2657 485 2683 ’τοῖς
518 2658 704 2684 στενωποῖς
737 2654 816 2693 περὶ
849 2654 980 2685 τούτων

341 2703 531 2742 διαλόγους·
553 2704 667 2740 πολλή
681 2703 746 2743 γᾰρ
762 2703 804 2734 αἶς
818 2703 945 2740 ἀληθῶς
960 2703 979 2740 ἡ

1049 1810 1082 1840 Α
1109 1812 1302 1841 memorable
1327 1811 1472 1842 instance
1498 1813 1526 1842 is
1551 1813 1623 1843 that
1650 1813 1687 1843 of

1051 1860 1228 1899 Caligula’s
1259 1861 1332 1900 fury
1357 1861 1451 1891 when
1486 1861 1542 1892 the
1567 1862 1684 1901 people

1047 1909 1203 1940 favoured
1216 1920 1236 1940 a
1249 1910 1397 1940 different
1415 1911 1525 1941 colom·
1537 1911 1620 1941 from
1634 1912 1683 1942 his

1049 1968 1131 1989 own.
1155 1960 1286 1991 Sueten.
1302 1960 1405 1999 Calig.
1420 1970 1447 1991 c.
1463 1970 1500 2000 30
1513 1971 1521 1990 ς
1537 1960 1691 2000 Infemue'

1047 2010 1278 2049 turboefiaerenti
1291 2010 1442 2040 adversus
1448 2010 1584 2040 studium
1593 2020 1683 2041 suum

1047 2059 1244 2096 exclamavit,
1251 2060 1286 2091 U
1283 2060 1380 2090 tinam
1380 2061 1683 2100 populuaeRomanus

1047 2114 1142 2139 unam
1155 2109 1301 2139 cervicem
1310 2110 1445 2140 haberet.
1468 2110 1520 2141 On
1533 2120 1553 2141 a
1563 2111 1682 2141 similar

1046 2159 1191 2188 occasion
1207 2159 1370 2189 Caracalla
1382 2162 1454 2190 sent
1467 2160 1598 2190 soldiers
1610 2161 1680 2190 into

1046 2208 1101 2237 the
1121 2209 1228 2238 crowd
1243 2209 1320 2238 with
1341 2208 1547 2238 instructions
1567 2212 1602 2239 to
1621 2209 1680 2239 kill

1046 2266 1140 2296 every
1167 2266 1228 2287 one
1255 2257 1328 2287 who
1355 2258 1454 2296 spoke
1477 2259 1604 2297 against
1629 2258 1678 2289 his

1043 2307 1174 2337 faction.

1103 2356 1116 2375 ²
1135 2357 1362 2395 sponsionibus,
1373 2357 1383 2373 ‘
1390 2365 1513 2396 wagers
1519 2357 1584 2387 laid
1591 2367 1676 2397 upon

1043 2407 1099 2436 the
1111 2407 1222 2438 moes!
1257 2407 1377 2437 Oehler
1390 2411 1504 2446 quotes
1517 2409 1539 2438 J
1541 2418 1592 2440 uv.
1608 2410 1674 2441 Sat.

1043 2464 1094 2486 xr.
1113 2466 1187 2493 199:
1205 2459 1339 2495 spectent
1352 2456 1494 2495 juvenes,
1508 2467 1586 2496 quos
1607 2458 1676 2488 cla·

1042 2515 1110 2535 mor
1133 2509 1162 2535 et
1186 2506 1295 2535 audax
1324 2506 1468 2544 Spomio,
1490 2516 1567 2546 quos
1587 2508 1675 2538 cultoe

1045 2556 1130 2586 decet
1143 2556 1296 2586 assedisse
1307 2557 1431 2595 puelloe.
1453 2558 1549 2587 Mart.
1566 2557 1675 2597 Epigr.

1042 2605 1086 2643 xi,
1108 2617 1121 2635 1
1135 2617 1143 2636 :
1174 2605 1239 2635 Sed
1257 2615 1325 2636 cum
1351 2607 1477 2645 sponsio
1492 2607 1676 2647 fabulerque

1041 2656 1135 2686 lassae
1144 2656 1196 2685 De
1209 2655 1457 2695 Scovpefiaeerint
1469 2657 1518 2686 vel
1527 2657 1674 2688 Incitato.

1043 2705 1171 2735 Petron.
1187 2714 1214 2735 c.
1230 2713 1285 2743 70:
1304 2704 1404 2744 Coepit
1417 2705 1572 2735 dominum
1585 2714 1675 2736 suum
