1812 2956
498 214 586 251 DE
621 210 1054 251 SPEC'TAC'ULIS.
1404 202 1457 243 31

112 292 1459 314 ——-—-—————————————-

110 359 238 402 ergo,
262 347 316 388 ut
350 343 565 395 diximus,
590 342 854 400 principalis
888 340 1051 385 titulus
1076 337 1366 388 idololatriae,
1390 352 1461 381 re·
1481 348 1580 379 CAP.
1602 347 1680 378 xv.

108 420 257 478 liquas
299 421 504 479 ipsarum
537 436 694 464 rerum
727 419 975 476 qualitates
1013 416 1268 462 contrarias
1301 429 1461 460 omnes

107 499 314 544 feramus
345 499 440 543 Dei
446 501 474 543 ².

545 499 677 542 Deus
717 498 930 556 praecipit
965 496 1189 553 Spiritum
1224 495 1459 544 Sanctum,

109 580 277 634 utpote
320 592 406 634 pro
439 579 620 620 naturae
657 591 754 620 suae
789 576 913 619 bono
959 578 1176 618 tenerum
1210 574 1260 615 et
1294 570 1463 614 delica-

109 657 225 706 tum,
268 654 606 710 tranquillitate
647 658 698 698 et
741 653 937 697 lenitate
972 655 1022 696 et
1057 651 1215 707 quiete
1258 652 1308 693 et
1346 663 1462 705 pace

109 734 328 783 tractare,
352 746 448 776 non
480 731 653 782 furore,
678 746 773 774 non
807 730 913 781 bile,
937 745 1032 773 non
1063 729 1144 779 ira,
1180 742 1275 771 non
1300 726 1463 769 dolore
1483 737 1553 795 ffb.
1570 737 1657 767 iv.30,

448 808 575 852 Huic
597 808 833 864 quomodo
858 822 965 851 cum
988 805 1266 863 spectaculis
1289 803 1466 860 poterit

110 808 384 864 inquietare.

112 886 396 931 convenire?
467 886 620 930 Omne
643 885 768 929 enim
791 884 1111 942 spectaculum
1143 883 1242 926 sine
1273 895 1465 926 concus-

112 964 242 1008 sione
266 964 454 1021 spiritus
487 978 583 1007 non
618 967 708 1008 est.

776 962 874 1006 Ubi
909 962 1034 1005 enim
1063 960 1290 1017 voluptas,
1314 959 1380 1002 ibi
1415 962 1466 1002 et

112 1041 332 1093 studium,
361 1056 446 1099 per
470 1041 598 1098 quod
630 1040 809 1085 scilicet
836 1038 1050 1096 voluptas
1074 1038 1222 1095 sapit3
1261 1036 1343 1080 ubi
1370 1039 1466 1079 stu-

113 1119 255 1171 dium,
303 1119 370 1163 ibi
415 1123 466 1164 et
509 1118 757 1170 aemulatio,
793 1132 878 1175 per
914 1132 1055 1174 quam
1089 1116 1296 1160 studium
1331 1114 1465 1171 sapit.

112 1197 263 1242 Porro
299 1200 349 1240 et
382 1196 464 1240 ubi
495 1196 743 1247 aemulatio,
768 1195 834 1239 ibi
867 1197 916 1239 et
949 1194 1081 1238 furor
1112 1197 1162 1237 et
1195 1192 1300 1236 bilis
1326 1195 1375 1235 et
1398 1191 1469 1235 ira

113 1278 165 1319 et
187 1274 322 1318 dolor
353 1278 404 1318 et
438 1278 597 1318 cetera
628 1289 690 1317 ex
722 1274 807 1325 his,
833 1288 936 1329 quae
971 1287 1080 1316 cum
1109 1271 1180 1315 his
1214 1286 1310 1314 non
1345 1284 1468 1313 com-

113 1355 284 1410 petunt
306 1351 573 1409 disciplinae.
625 1352 750 1395 Nam
774 1351 863 1395 etsi
885 1351 987 1406 qui³
1010 1349 1223 1393 modeste
1248 1352 1298 1392 et
1321 1348 1468 1405 probe

114 1429 393 1486 spectaculis
407 1429 580 1473 fruitur
599 1444 684 1487 pro
706 1428 948 1486 dignitatis
961 1427 1035 1472 vel
1058 1427 1210 1471 aetatis
1228 1425 1302 1470 vel
1325 1426 1469 1469 etiam

113 1510 294 1551 naturae
317 1521 413 1551 suae
435 1508 718 1559 conditione,
743 1522 838 1550 non
865 1493 1024 1549 tamen
1055 1504 1303 1548 immobilis
1327 1503 1469 1546 animi

114 1589 189 1630 est
222 1585 322 1629 sine
355 1585 502 1629 tacita
525 1585 713 1643 spiritus
748 1585 975 1642 passione.

1045 1583 1202 1627 Nemo
1226 1583 1288 1625 ad
1309 1582 1468 1638 volup-

114 1666 264 1707 tatem
291 1663 420 1707 venit
451 1662 550 1706 sine
585 1663 770 1714 affectu,
804 1676 942 1706 nemo
966 1662 1188 1705 affectum
1223 1661 1322 1704 sine
1355 1659 1469 1704 casi-

115 1740 204 1786 bus
250 1741 369 1786 suis⁴
413 1741 604 1798 patitur.

117 1871 192 1908 832:
211 1869 320 1900 aliena
336 1868 461 1901 salutis.
493 1868 685 1900 Contrarias
696 1867 724 1898 is
738 1877 758 1899 a

116 1919 202 1960 oonj.
216 1920 253 1950 of
266 1919 398 1951 Oehler.
430 1919 560 1958 Gangn.
570 1918 758 1949 contrarios.

120 1969 194 2002 (301.
202 1970 266 2000 and
275 1970 366 2001 Pam.
375 1969 556 2000 contrariis.
582 1969 660 2008 Rig.
674 1969 758 1998 from

120 2020 202 2052 Cod.
224 2020 304 2060 Ag„
329 2023 441 2051 contra
460 2020 527 2050 Dei
547 2028 649 2050 omnes
659 2019 759 2059 fera·

118 2080 204 2102 mut:
237 2071 396 2102 ‘feramus
421 2080 473 2101 res
500 2070 758 2108 spectaculorum

119 2125 234 2152 contm
250 2131 302 2152 res
318 2121 391 2152 Dei.
432 2121 522 2152 Nota
542 2121 686 2151 locutio:
708 2129 760 2150 res

119 2171 184 2204 Dei
203 2181 264 2212 pro
284 2173 395 2203 divina
414 2181 471 2203 seu
493 2171 677 2203 Christiana
696 2171 761 2201 dis-

119 2223 250 2264 ciplina.
294 2223 418 2254 Contra
449 2223 535 2253 ferre
569 2225 619 2253 est
649 2224 762 2252 eontra

118 2283 252 2314 ponere,
265 2283 441 2314 opponere,
455 2281 659 2313 componere,
672 2281 762 2303 com-

121 2324 261 2362 mittere,
275 2323 443 2356 conferre)
485 2322 568 2355 Rm.

183 2373 200 2392 ⁸
215 2373 271 2414 qui
283 2375 335 2405 t'or
347 2374 430 2414 quis.

182 2421 198 2440 ⁴
218 2421 344 2453 casibus
357 2422 435 2452 rute.
475 2421 524 2452 La
549 2420 666 2459 Cer-da,
688 2421 762 2451 who

121 2473 334 2504 andex-stands
347 2472 472 2503 casibus
491 2473 568 2511 suis,
589 2473 655 2503 ‘his
669 2471 766 2510 falls,’

122 2526 238 2564 quotes
257 2523 291 2554 S.
305 2523 393 2562 Aug.
405 2523 550 2554 Confess.
560 2532 609 2554 vr.
622 2525 651 2561 8,
665 2523 698 2552 in
713 2531 763 2553 re-

122 2573 252 2604 ference
265 2575 300 2603 to
310 2572 457 2613 Alypius,
466 2573 540 2603 who
553 2573 653 2613 being
666 2573 763 2603 taken

123 2625 160 2653 to
183 2631 204 2653 a
229 2622 321 2653 show
344 2623 472 2662 against
499 2623 549 2653 his
573 2623 640 2653 win
666 2624 718 2653 for
744 2633 765 2654 a

122 2672 204 2713 long
225 2673 303 2703 time
324 2673 405 2713 kept
426 2673 476 2703 his
498 2683 571 2714 eyes
592 2674 680 2704 shut.
717 2674 765 2705 At

122 2722 188 2754 lust
210 2722 347 2763 quodam
369 2732 482 2763 puqnae
507 2732 583 2754 casu
606 2733 675 2754 cum
697 2723 764 2755 cla·

681 1741 778 1798 Ipsi
825 1754 959 1785 casus
1010 1739 1315 1783 incitamenta
1360 1740 1470 1782 sunt

822 1876 892 1898 mor
912 1867 1021 1907 inqens
1042 1866 1138 1897 totius
1146 1866 1263 1906 populi
1280 1865 1470 1896 vehementer

823 1926 892 1947 eum
914 1917 1089 1956 pulsasset,
1119 1915 1304 1947 curiositate
1327 1915 1466 1945 victus...

824 1967 951 2006 aperuit
965 1966 1080 2003 oculos,
1094 1968 1124 1995 et
1140 1965 1305 2004 perculsus
1324 1968 1369 1995 est
1388 1973 1470 2004 qra-

822 2018 912 2048 viore
925 2016 1050 2047 vulnere
1068 2016 1102 2046 in
1122 2015 1242 2052 anima,
1255 2024 1351 2054 quam
1363 2015 1419 2046 ille
1433 2015 1467 2045 in

824 2077 969 2107 corpore,
982 2076 1071 2107 quem
1081 2060 1207 2097 cernere
1215 2065 1404 2104 concupivit,
1418 2075 1470 2096 ce·

825 2119 964 2158 ciditque
977 2117 1191 2148 miserabilius
1208 2126 1303 2156 quam
1321 2116 1386 2154 ille,
1406 2125 1468 2156 quo

826 2169 955 2200 cadente
969 2169 1086 2208 factus
1106 2171 1150 2198 est
1175 2168 1305 2198 clamor.
1349 2167 1470 2198 Oehler

826 2219 954 2249 follows
963 2218 1012 2249 La
1022 2218 1140 2248 Cerda.
1173 2217 1241 2247 But
1254 2217 1363 2247 rather
1376 2217 1470 2248 thus:

827 2268 898 2299 ‘No
912 2278 974 2299 one
988 2277 1095 2299 comes
1108 2270 1143 2298 to
1162 2276 1202 2297 an
1220 2267 1472 2298 entertainment

827 2319 966 2350 without
985 2318 1132 2358 passion3
1152 2326 1194 2347 no
1216 2326 1277 2347 one
1297 2317 1376 2347 feels
1396 2327 1473 2356 pas-

827 2369 898 2399 sion
925 2368 1064 2399 without
1092 2368 1135 2398 its
1158 2367 1360 2397 incidentals.
1402 2367 1473 2399 The

828 2420 1020 2450 incidentals
1047 2421 1115 2449 are
1130 2419 1322 2450 themselves
1358 2419 1473 2449 stimu-

828 2471 915 2501 lanta
932 2471 969 2501 of
986 2469 1140 2510 passion?
1181 2469 1320 2510 Affectus
1333 2470 1360 2500 is
1373 2470 1475 2501 tacita

828 2521 963 2562 spiritus
989 2520 1114 2560 passio,
1149 2520 1221 2550 ‘the
1249 2520 1389 2560 passion,
1418 2521 1473 2552 the

830 2571 1046 2612 gratification
1080 2571 1117 2600 of
1147 2571 1253 2602 which
1283 2571 1474 2602 constitutos

831 2621 1039 2662 enjoymeut.'
1071 2631 1164 2652 casus
1176 2622 1237 2660 sui,
1254 2622 1315 2652 ‘its
1329 2622 1474 2652 inciden-

831 2673 920 2711 tals;'
952 2672 1007 2704 εἱρ-
1035 2672 1092 2703 the
1119 2672 1276 2703 emotions
1299 2672 1476 2703 ineidental

832 2726 868 2755 to
902 2723 985 2754 this.
1005 2722 1143 2763 passion,
1187 2732 1212 2754 e.
1223 2732 1255 2764 q.
1292 2723 1475 2761 bitterness,
