<?xml version="1.0" encoding="UTF-8"?>
<!DOCTYPE html PUBLIC "-//W3C//DTD XHTML 1.0 Transitional//EN"
    "http://www.w3.org/TR/xhtml1/DTD/xhtml1-transitional.dtd">
<html xmlns="http://www.w3.org/1999/xhtml" xml:lang="en" lang="en">
 <head>
  <title>
</title>
<meta http-equiv="Content-Type" content="text/html;charset=utf-8" />
  <meta name='ocr-system' content='tesseract 3.04.00' />
  <meta name='ocr-capabilities' content='ocr_page ocr_carea ocr_par ocr_line ocrx_word'/>
</head>
<body>
  <div class='ocr_page' id='page_1' title='image "./libritresdespect00tertuoft/libritresdespect00tertuoft_0148.png"; bbox 0 0 1812 2956; ppageno 0'>
   <div class='ocr_carea' id='block_1_1' title="bbox 1604 0 1739 53">
    <p class='ocr_par' dir='ltr' id='par_1_1' title="bbox 1604 0 1739 53">
     <span class='ocr_line' id='line_1_1' title="bbox 1604 0 1739 53; baseline 0 2903"><span class='ocrx_word' id='word_1_1' title='bbox 1604 0 1739 53; x_wconf 95' lang='lat' dir='ltr'> </span> 
     </span>
    </p>
   </div>
   <div class='ocr_carea' id='block_1_2' title="bbox 357 191 1333 240">
    <p class='ocr_par' dir='ltr' id='par_1_2' title="bbox 357 191 1333 240">
     <span class='ocr_line' id='line_1_2' title="bbox 357 191 1333 240; baseline 0.006 -6"><span class='ocrx_word' id='word_1_2' title='bbox 357 191 413 234; x_wconf 82' lang='lat'>90</span> <span class='ocrx_word' id='word_1_3' title='bbox 712 199 1119 238; x_wconf 83' lang='lat' dir='ltr'><strong>TERTULLIANI</strong></span> <span class='ocrx_word' id='word_1_4' title='bbox 1156 201 1333 240; x_wconf 84' lang='lat' dir='ltr'><strong>LIBER</strong></span> 
     </span>
    </p>
   </div>
   <div class='ocr_carea' id='block_1_3' title="bbox 356 283 1686 302">
    <p class='ocr_par' dir='ltr' id='par_1_3' title="bbox 356 283 1686 302">
     <span class='ocr_line' id='line_1_3' title="bbox 356 283 1686 302; baseline 0 2654"><span class='ocrx_word' id='word_1_5' title='bbox 356 283 1686 302; x_wconf 95' lang='lat' dir='ltr'> </span> 
     </span>
    </p>
   </div>
   <div class='ocr_carea' id='block_1_4' title="bbox 143 329 1692 391">
    <p class='ocr_par' dir='ltr' id='par_1_4' title="bbox 143 329 1692 391">
     <span class='ocr_line' id='line_1_4' title="bbox 143 329 1692 391; baseline 0.008 -25"><span class='ocrx_word' id='word_1_6' title='bbox 143 336 244 366; x_wconf 82' lang='lat' dir='ltr'>CAP.</span> <span class='ocrx_word' id='word_1_7' title='bbox 262 336 338 367; x_wconf 84' lang='lat' dir='ltr'>xv.</span> <span class='ocrx_word' id='word_1_8' title='bbox 358 344 494 385; x_wconf 85' lang='lat' dir='ltr'>quam</span> <span class='ocrx_word' id='word_1_9' title='bbox 521 329 897 374; x_wconf 86' lang='lat' dir='ltr'>Christianorum.</span> <span class='ocrx_word' id='word_1_10' title='bbox 967 331 1042 375; x_wconf 90' lang='lat' dir='ltr'>De</span> <span class='ocrx_word' id='word_1_11' title='bbox 1069 332 1159 375; x_wconf 86' lang='lat' dir='ltr'>ista</span> <span class='ocrx_word' id='word_1_12' title='bbox 1184 347 1366 388; x_wconf 90' lang='lat' dir='ltr'>quoque</span> <span class='ocrx_word' id='word_1_13' title='bbox 1395 334 1548 390; x_wconf 88' lang='lat' dir='ltr'>specie</span> <span class='ocrx_word' id='word_1_14' title='bbox 1579 334 1692 391; x_wconf 86' lang='lat' dir='ltr'>quid</span> 
     </span>
    </p>
   </div>
   <div class='ocr_carea' id='block_1_5' title="bbox 146 392 344 398">
    <p class='ocr_par' dir='ltr' id='par_1_5' title="bbox 146 392 344 398">
     <span class='ocr_line' id='line_1_5' title="bbox 146 392 344 398; baseline 0 0"><span class='ocrx_word' id='word_1_15' title='bbox 146 392 344 398; x_wconf 95' lang='lat' dir='ltr'> </span> 
     </span>
    </p>
   </div>
   <div class='ocr_carea' id='block_1_6' title="bbox 148 1185 346 1242">
    <p class='ocr_par' dir='ltr' id='par_1_6' title="bbox 148 1185 346 1242">
     <span class='ocr_line' id='line_1_6' title="bbox 148 1185 346 1212; baseline -0.01 0"><span class='ocrx_word' id='word_1_16' title='bbox 148 1186 224 1212; x_wconf 71' lang='lat' dir='ltr'>Matt.</span> <span class='ocrx_word' id='word_1_17' title='bbox 238 1185 298 1211; x_wconf 85' lang='lat' dir='ltr'>xxii.</span> <span class='ocrx_word' id='word_1_18' title='bbox 309 1185 346 1211; x_wconf 85' lang='lat'>21.</span> 
     </span>
     <span class='ocr_line' id='line_1_7' title="bbox 148 1217 314 1242; baseline 0.006 -1"><span class='ocrx_word' id='word_1_19' title='bbox 148 1218 212 1242; x_wconf 81' lang='lat' dir='ltr'>Luc.</span> <span class='ocrx_word' id='word_1_20' title='bbox 225 1224 267 1242; x_wconf 91' lang='lat' dir='ltr'>xx.</span> <span class='ocrx_word' id='word_1_21' title='bbox 278 1217 314 1242; x_wconf 83' lang='lat'>25.</span> 
     </span>
    </p>
   </div>
   <div class='ocr_carea' id='block_1_7' title="bbox 357 406 1705 1927">
    <p class='ocr_par' dir='ltr' id='par_1_7' title="bbox 357 406 1705 1927">
     <span class='ocr_line' id='line_1_8' title="bbox 357 406 1692 460; baseline 0.004 -10"><span class='ocrx_word' id='word_1_22' title='bbox 357 406 578 450; x_wconf 83' lang='lat' dir='ltr'>videtur?</span> <span class='ocrx_word' id='word_1_23' title='bbox 635 406 685 449; x_wconf 88' lang='lat' dir='ltr'>Si</span> <span class='ocrx_word' id='word_1_24' title='bbox 710 406 823 450; x_wconf 91' lang='lat' dir='ltr'>idoli</span> <span class='ocrx_word' id='word_1_25' title='bbox 845 407 993 451; x_wconf 90' lang='lat' dir='ltr'>honor</span> <span class='ocrx_word' id='word_1_26' title='bbox 1017 412 1101 460; x_wconf 87' lang='lat' dir='ltr'>est,</span> <span class='ocrx_word' id='word_1_27' title='bbox 1126 409 1223 452; x_wconf 86' lang='lat' dir='ltr'>sine</span> <span class='ocrx_word' id='word_1_28' title='bbox 1248 410 1389 454; x_wconf 93' lang='lat' dir='ltr'>dubio</span> <span class='ocrx_word' id='word_1_29' title='bbox 1411 410 1523 455; x_wconf 89' lang='lat' dir='ltr'>idoli</span> <span class='ocrx_word' id='word_1_30' title='bbox 1542 411 1692 455; x_wconf 85' lang='lat' dir='ltr'>honor</span> 
     </span>
     <span class='ocr_line' id='line_1_9' title="bbox 358 484 1692 546; baseline 0.005 -20"><span class='ocrx_word' id='word_1_31' title='bbox 358 484 619 527; x_wconf 88' lang='lat' dir='ltr'>idololatria</span> <span class='ocrx_word' id='word_1_32' title='bbox 641 488 727 528; x_wconf 88' lang='lat' dir='ltr'>est.</span> <span class='ocrx_word' id='word_1_33' title='bbox 797 485 846 529; x_wconf 88' lang='lat' dir='ltr'>Si</span> <span class='ocrx_word' id='word_1_34' title='bbox 877 485 1073 530; x_wconf 89' lang='lat' dir='ltr'>hominis</span> <span class='ocrx_word' id='word_1_35' title='bbox 1104 501 1242 531; x_wconf 87' lang='lat' dir='ltr'>causa</span> <span class='ocrx_word' id='word_1_36' title='bbox 1272 491 1356 539; x_wconf 82' lang='lat' dir='ltr'>est,</span> <span class='ocrx_word' id='word_1_37' title='bbox 1380 489 1692 546; x_wconf 81' lang='lat' dir='ltr'><strong>recogitemus</strong></span> 
     </span>
     <span class='ocr_line' id='line_1_10' title="bbox 359 561 1694 612; baseline 0.005 -9"><span class='ocrx_word' id='word_1_38' title='bbox 359 576 543 604; x_wconf 90' lang='lat' dir='ltr'>omnem</span> <span class='ocrx_word' id='word_1_39' title='bbox 577 561 884 605; x_wconf 75' lang='lat' dir='ltr'>idololatriam</span> <span class='ocrx_word' id='word_1_40' title='bbox 917 562 966 606; x_wconf 91' lang='lat' dir='ltr'>in</span> <span class='ocrx_word' id='word_1_41' title='bbox 996 563 1192 608; x_wconf 89' lang='lat' dir='ltr'>hominis</span> <span class='ocrx_word' id='word_1_42' title='bbox 1220 579 1403 609; x_wconf 87' lang='lat' dir='ltr'>causam</span> <span class='ocrx_word' id='word_1_43' title='bbox 1427 579 1541 612; x_wconf 82' lang='lat' dir='ltr'>esse.</span> <span class='ocrx_word' id='word_1_44' title='bbox 1603 565 1694 610; x_wconf 81' lang='lat' dir='ltr'>Re-</span> 
     </span>
     <span class='ocr_line' id='line_1_11' title="bbox 360 638 1693 694; baseline 0.005 -13"><span class='ocrx_word' id='word_1_45' title='bbox 360 638 618 694; x_wconf 82' lang='lat' dir='ltr'>cogitemus</span> <span class='ocrx_word' id='word_1_46' title='bbox 664 653 848 682; x_wconf 91' lang='lat' dir='ltr'>omnem</span> <span class='ocrx_word' id='word_1_47' title='bbox 893 639 1201 684; x_wconf 83' lang='lat' dir='ltr'>idololatriam</span> <span class='ocrx_word' id='word_1_48' title='bbox 1246 642 1294 685; x_wconf 88' lang='lat' dir='ltr'>in</span> <span class='ocrx_word' id='word_1_49' title='bbox 1337 642 1547 686; x_wconf 90' lang='lat' dir='ltr'>homines</span> <span class='ocrx_word' id='word_1_50' title='bbox 1591 655 1693 690; x_wconf 79' lang='lat' dir='ltr'>esse</span> 
     </span>
     <span class='ocr_line' id='line_1_12' title="bbox 360 715 1695 772; baseline 0.004 -15"><span class='ocrx_word' id='word_1_51' title='bbox 360 715 600 766; x_wconf 89' lang='lat' dir='ltr'>culturam,</span> <span class='ocrx_word' id='word_1_52' title='bbox 629 730 735 759; x_wconf 91' lang='lat' dir='ltr'>cum</span> <span class='ocrx_word' id='word_1_53' title='bbox 763 716 886 772; x_wconf 87' lang='lat' dir='ltr'>ipsos</span> <span class='ocrx_word' id='word_1_54' title='bbox 914 717 1026 761; x_wconf 90' lang='lat' dir='ltr'>deos</span> <span class='ocrx_word' id='word_1_55' title='bbox 1059 719 1300 762; x_wconf 86' lang='lat' dir='ltr'>nationum</span> <span class='ocrx_word' id='word_1_56' title='bbox 1330 719 1539 762; x_wconf 86' lang='lat' dir='ltr'>homines</span> <span class='ocrx_word' id='word_1_57' title='bbox 1566 718 1695 763; x_wconf 84' lang='lat' dir='ltr'>retro</span> 
     </span>
     <span class='ocr_line' id='line_1_13' title="bbox 359 790 1696 849; baseline 0.004 -17"><span class='ocrx_word' id='word_1_58' title='bbox 359 790 526 834; x_wconf 84' lang='lat' dir='ltr'>fuisse²</span> <span class='ocrx_word' id='word_1_59' title='bbox 559 790 701 834; x_wconf 88' lang='lat' dir='ltr'>etiam</span> <span class='ocrx_word' id='word_1_60' title='bbox 734 792 858 847; x_wconf 89' lang='lat' dir='ltr'>apud</span> <span class='ocrx_word' id='word_1_61' title='bbox 893 806 1000 836; x_wconf 88' lang='lat' dir='ltr'>suos</span> <span class='ocrx_word' id='word_1_62' title='bbox 1035 797 1231 838; x_wconf 86' lang='lat' dir='ltr'>constet.</span> <span class='ocrx_word' id='word_1_63' title='bbox 1297 793 1464 849; x_wconf 91' lang='lat' dir='ltr'>Itaque</span> <span class='ocrx_word' id='word_1_64' title='bbox 1489 792 1604 837; x_wconf 88' lang='lat' dir='ltr'>nihil</span> <span class='ocrx_word' id='word_1_65' title='bbox 1625 792 1696 837; x_wconf 89' lang='lat' dir='ltr'>in-</span> 
     </span>
     <span class='ocr_line' id='line_1_14' title="bbox 361 869 1696 927; baseline 0.003 -18"><span class='ocrx_word' id='word_1_66' title='bbox 361 871 522 918; x_wconf 84' lang='lat' dir='ltr'>terest,</span> <span class='ocrx_word' id='word_1_67' title='bbox 555 869 802 923; x_wconf 82' lang='lat' dir='ltr'>superioris</span> <span class='ocrx_word' id='word_1_68' title='bbox 833 885 892 912; x_wconf 88' lang='lat' dir='ltr'>an</span> <span class='ocrx_word' id='word_1_69' title='bbox 920 870 1055 926; x_wconf 85' lang='lat' dir='ltr'>hujus</span> <span class='ocrx_word' id='word_1_70' title='bbox 1092 871 1247 914; x_wconf 86' lang='lat' dir='ltr'>saeculi</span> <span class='ocrx_word' id='word_1_71' title='bbox 1283 871 1391 915; x_wconf 85' lang='lat' dir='ltr'>viris</span> <span class='ocrx_word' id='word_1_72' title='bbox 1428 869 1696 927; x_wconf 79' lang='lat' dir='ltr'>superstitio</span> 
     </span>
     <span class='ocr_line' id='line_1_15' title="bbox 362 945 1695 1004; baseline 0.004 -18"><span class='ocrx_word' id='word_1_73' title='bbox 362 945 451 987; x_wconf 86' lang='lat' dir='ltr'>ista</span> <span class='ocrx_word' id='word_1_74' title='bbox 488 948 742 1000; x_wconf 85' lang='lat' dir='ltr'>praestetur.</span> <span class='ocrx_word' id='word_1_75' title='bbox 809 947 1078 991; x_wconf 86' lang='lat' dir='ltr'>Idololatria</span> <span class='ocrx_word' id='word_1_76' title='bbox 1112 963 1206 992; x_wconf 92' lang='lat' dir='ltr'>non</span> <span class='ocrx_word' id='word_1_77' title='bbox 1240 951 1430 1004; x_wconf 90' lang='lat' dir='ltr'>propter</span> <span class='ocrx_word' id='word_1_78' title='bbox 1463 961 1695 1004; x_wconf 79' lang='lat' dir='ltr'>personas,</span> 
     </span>
     <span class='ocr_line' id='line_1_16' title="bbox 364 1025 1699 1082; baseline 0.002 -18"><span class='ocrx_word' id='word_1_79' title='bbox 364 1037 466 1076; x_wconf 89' lang='lat' dir='ltr'>quae</span> <span class='ocrx_word' id='word_1_80' title='bbox 496 1026 825 1078; x_wconf 81' lang='lat' dir='ltr'>opponuntur³,</span> <span class='ocrx_word' id='word_1_81' title='bbox 859 1025 942 1068; x_wconf 86' lang='lat' dir='ltr'>sed</span> <span class='ocrx_word' id='word_1_82' title='bbox 971 1029 1161 1082; x_wconf 84' lang='lat' dir='ltr'>propter</span> <span class='ocrx_word' id='word_1_83' title='bbox 1189 1026 1339 1069; x_wconf 87' lang='lat' dir='ltr'>officia</span> <span class='ocrx_word' id='word_1_84' title='bbox 1364 1026 1453 1068; x_wconf 87' lang='lat' dir='ltr'>ista</span> <span class='ocrx_word' id='word_1_85' title='bbox 1480 1025 1699 1068; x_wconf 80' lang='lat' dir='ltr'>damnata</span> 
     </span>
     <span class='ocr_line' id='line_1_17' title="bbox 365 1101 1698 1159; baseline 0.002 -17"><span class='ocrx_word' id='word_1_86' title='bbox 365 1103 449 1149; x_wconf 85' lang='lat' dir='ltr'>est,</span> <span class='ocrx_word' id='word_1_87' title='bbox 487 1114 589 1154; x_wconf 89' lang='lat' dir='ltr'>quae</span> <span class='ocrx_word' id='word_1_88' title='bbox 623 1101 684 1143; x_wconf 92' lang='lat' dir='ltr'>ad</span> <span class='ocrx_word' id='word_1_89' title='bbox 718 1101 951 1147; x_wconf 87' lang='lat' dir='ltr'>daemonas</span> <span class='ocrx_word' id='word_1_90' title='bbox 985 1103 1234 1159; x_wconf 88' lang='lat' dir='ltr'>pertinent.</span> <span class='ocrx_word' id='word_1_91' title='bbox 1303 1101 1563 1146; x_wconf 89' lang='lat' dir='ltr'>Reddenda</span> <span class='ocrx_word' id='word_1_92' title='bbox 1589 1103 1698 1146; x_wconf 75' lang='lat' dir='ltr'>sunt</span> 
     </span>
     <span class='ocr_line' id='line_1_18' title="bbox 368 1176 1697 1235; baseline 0.002 -16"><span class='ocrx_word' id='word_1_93' title='bbox 368 1176 551 1227; x_wconf 83' lang='lat' dir='ltr'>Caesari,</span> <span class='ocrx_word' id='word_1_94' title='bbox 582 1191 684 1231; x_wconf 85' lang='lat' dir='ltr'>quae</span> <span class='ocrx_word' id='word_1_95' title='bbox 714 1182 822 1222; x_wconf 83' lang='lat' dir='ltr'>sunt</span> <span class='ocrx_word' id='word_1_96' title='bbox 854 1179 1058 1225; x_wconf 75' lang='lat' dir='ltr'>Caesaris.</span> <span class='ocrx_word' id='word_1_97' title='bbox 1128 1180 1257 1223; x_wconf 88' lang='lat' dir='ltr'>Bene</span> <span class='ocrx_word' id='word_1_98' title='bbox 1287 1179 1436 1235; x_wconf 62' lang='lat' dir='ltr'>quod*</span> <span class='ocrx_word' id='word_1_99' title='bbox 1469 1177 1697 1235; x_wconf 85' lang='lat' dir='ltr'>apposuit,</span> 
     </span>
     <span class='ocr_line' id='line_1_19' title="bbox 365 1253 1700 1312; baseline 0 -15"><span class='ocrx_word' id='word_1_100' title='bbox 365 1254 431 1297; x_wconf 91' lang='lat' dir='ltr'>Et</span> <span class='ocrx_word' id='word_1_101' title='bbox 466 1267 567 1307; x_wconf 87' lang='lat' dir='ltr'>quae</span> <span class='ocrx_word' id='word_1_102' title='bbox 603 1258 711 1298; x_wconf 86' lang='lat' dir='ltr'>sunt</span> <span class='ocrx_word' id='word_1_103' title='bbox 738 1255 831 1299; x_wconf 91' lang='lat' dir='ltr'>Dei</span> <span class='ocrx_word' id='word_1_104' title='bbox 853 1256 972 1300; x_wconf 88' lang='lat' dir='ltr'>Deo.</span> <span class='ocrx_word' id='word_1_105' title='bbox 1045 1257 1160 1308; x_wconf 84' lang='lat' dir='ltr'>Quae</span> <span class='ocrx_word' id='word_1_106' title='bbox 1195 1270 1308 1312; x_wconf 84' lang='lat' dir='ltr'>ergo</span> <span class='ocrx_word' id='word_1_107' title='bbox 1335 1258 1447 1299; x_wconf 84' lang='lat' dir='ltr'>sunt</span> <span class='ocrx_word' id='word_1_108' title='bbox 1471 1253 1700 1299; x_wconf 81' lang='lat' dir='ltr'>Caesaris?</span> 
     </span>
     <span class='ocr_line' id='line_1_20' title="bbox 369 1331 1700 1388; baseline -0.002 -11"><span class='ocrx_word' id='word_1_109' title='bbox 369 1331 556 1377; x_wconf 82' lang='lat' dir='ltr'>Scilicet</span> <span class='ocrx_word' id='word_1_110' title='bbox 601 1333 660 1376; x_wconf 93' lang='lat' dir='ltr'>de</span> <span class='ocrx_word' id='word_1_111' title='bbox 714 1333 879 1388; x_wconf 91' lang='lat' dir='ltr'>quibus</span> <span class='ocrx_word' id='word_1_112' title='bbox 923 1337 1037 1378; x_wconf 89' lang='lat' dir='ltr'>tunc</span> <span class='ocrx_word' id='word_1_113' title='bbox 1086 1333 1365 1377; x_wconf 87' lang='lat' dir='ltr'>consultatio</span> <span class='ocrx_word' id='word_1_114' title='bbox 1415 1333 1700 1383; x_wconf 83' lang='lat' dir='ltr'>movebatur,</span> 
     </span>
     <span class='ocr_line' id='line_1_21' title="bbox 366 1408 1703 1468; baseline -0.001 -14"><span class='ocrx_word' id='word_1_115' title='bbox 366 1411 711 1468; x_wconf 73' lang='lat' dir='ltr'>praestandusne</span> <span class='ocrx_word' id='word_1_116' title='bbox 736 1415 859 1454; x_wconf 88' lang='lat' dir='ltr'>esset</span> <span class='ocrx_word' id='word_1_117' title='bbox 882 1425 1045 1454; x_wconf 83' lang='lat' dir='ltr'>census</span> <span class='ocrx_word' id='word_1_118' title='bbox 1064 1411 1245 1461; x_wconf 86' lang='lat' dir='ltr'>Caesari,</span> <span class='ocrx_word' id='word_1_119' title='bbox 1270 1425 1329 1453; x_wconf 87' lang='lat' dir='ltr'>an</span> <span class='ocrx_word' id='word_1_120' title='bbox 1351 1424 1457 1453; x_wconf 88' lang='lat' dir='ltr'>non.</span> <span class='ocrx_word' id='word_1_121' title='bbox 1515 1408 1632 1453; x_wconf 88' lang='lat' dir='ltr'>Ideo</span> <span class='ocrx_word' id='word_1_122' title='bbox 1650 1411 1703 1453; x_wconf 82' lang='lat' dir='ltr'>et</span> 
     </span>
     <span class='ocr_line' id='line_1_22' title="bbox 367 1485 1702 1544; baseline 0 -13"><span class='ocrx_word' id='word_1_123' title='bbox 367 1492 604 1532; x_wconf 89' lang='lat' dir='ltr'>monetam</span> <span class='ocrx_word' id='word_1_124' title='bbox 641 1487 824 1531; x_wconf 85' lang='lat' dir='ltr'>ostendi</span> <span class='ocrx_word' id='word_1_125' title='bbox 863 1488 951 1532; x_wconf 87' lang='lat' dir='ltr'>sibi</span> <span class='ocrx_word' id='word_1_126' title='bbox 986 1488 1215 1532; x_wconf 88' lang='lat' dir='ltr'>Dominus</span> <span class='ocrx_word' id='word_1_127' title='bbox 1254 1486 1515 1544; x_wconf 86' lang='lat' dir='ltr'>postulavit,</span> <span class='ocrx_word' id='word_1_128' title='bbox 1553 1489 1603 1531; x_wconf 89' lang='lat' dir='ltr'>et</span> <span class='ocrx_word' id='word_1_129' title='bbox 1640 1485 1702 1531; x_wconf 85' lang='lat' dir='ltr'>de</span> 
     </span>
     <span class='ocr_line' id='line_1_23' title="bbox 367 1562 1704 1621; baseline -0.001 -14"><span class='ocrx_word' id='word_1_130' title='bbox 367 1565 582 1621; x_wconf 85' lang='lat' dir='ltr'>imagine,</span> <span class='ocrx_word' id='word_1_131' title='bbox 620 1566 748 1620; x_wconf 84' lang='lat' dir='ltr'>cujus</span> <span class='ocrx_word' id='word_1_132' title='bbox 789 1568 923 1615; x_wconf 85' lang='lat' dir='ltr'>esset,</span> <span class='ocrx_word' id='word_1_133' title='bbox 961 1565 1210 1619; x_wconf 85' lang='lat' dir='ltr'>requisivit,</span> <span class='ocrx_word' id='word_1_134' title='bbox 1256 1567 1306 1608; x_wconf 90' lang='lat' dir='ltr'>et</span> <span class='ocrx_word' id='word_1_135' title='bbox 1351 1578 1456 1607; x_wconf 92' lang='lat' dir='ltr'>cum</span> <span class='ocrx_word' id='word_1_136' title='bbox 1497 1562 1704 1606; x_wconf 85' lang='lat' dir='ltr'>audisset</span> 
     </span>
     <span class='ocr_line' id='line_1_24' title="bbox 372 1639 1704 1697; baseline -0.001 -13"><span class='ocrx_word' id='word_1_137' title='bbox 372 1641 576 1691; x_wconf 87' lang='lat' dir='ltr'>Caesaris,</span> <span class='ocrx_word' id='word_1_138' title='bbox 606 1641 822 1691; x_wconf 89' lang='lat' dir='ltr'>Reddite,</span> <span class='ocrx_word' id='word_1_139' title='bbox 849 1641 928 1691; x_wconf 89' lang='lat' dir='ltr'>ait,</span> <span class='ocrx_word' id='word_1_140' title='bbox 961 1656 1064 1697; x_wconf 88' lang='lat' dir='ltr'>quae</span> <span class='ocrx_word' id='word_1_141' title='bbox 1092 1644 1200 1685; x_wconf 89' lang='lat' dir='ltr'>sunt</span> <span class='ocrx_word' id='word_1_142' title='bbox 1225 1640 1416 1684; x_wconf 88' lang='lat' dir='ltr'>Caesaris</span> <span class='ocrx_word' id='word_1_143' title='bbox 1441 1639 1622 1690; x_wconf 83' lang='lat' dir='ltr'>Caesari,</span> <span class='ocrx_word' id='word_1_144' title='bbox 1653 1642 1704 1684; x_wconf 87' lang='lat' dir='ltr'>et</span> 
     </span>
     <span class='ocr_line' id='line_1_25' title="bbox 371 1715 1702 1774; baseline -0.002 -14"><span class='ocrx_word' id='word_1_145' title='bbox 371 1733 473 1773; x_wconf 87' lang='lat' dir='ltr'>quae</span> <span class='ocrx_word' id='word_1_146' title='bbox 498 1722 606 1761; x_wconf 86' lang='lat' dir='ltr'>sunt</span> <span class='ocrx_word' id='word_1_147' title='bbox 627 1719 720 1761; x_wconf 91' lang='lat' dir='ltr'>Dei</span> <span class='ocrx_word' id='word_1_148' title='bbox 737 1719 855 1769; x_wconf 94' lang='lat' dir='ltr'>Deo,</span> <span class='ocrx_word' id='word_1_149' title='bbox 875 1718 925 1761; x_wconf 94' lang='lat' dir='ltr'>id</span> <span class='ocrx_word' id='word_1_150' title='bbox 948 1721 1020 1763; x_wconf 87' lang='lat' dir='ltr'>est</span> <span class='ocrx_word' id='word_1_151' title='bbox 1036 1718 1285 1774; x_wconf 87' lang='lat' dir='ltr'>imaginem</span> <span class='ocrx_word' id='word_1_152' title='bbox 1304 1717 1497 1761; x_wconf 75' lang='lat' dir='ltr'>Caesaris</span> <span class='ocrx_word' id='word_1_153' title='bbox 1519 1715 1702 1767; x_wconf 85' lang='lat' dir='ltr'>Caesari,</span> 
     </span>
     <span class='ocr_line' id='line_1_26' title="bbox 372 1792 1705 1851; baseline -0.002 -13"><span class='ocrx_word' id='word_1_154' title='bbox 372 1810 474 1850; x_wconf 87' lang='lat' dir='ltr'>quae</span> <span class='ocrx_word' id='word_1_155' title='bbox 497 1796 544 1838; x_wconf 91' lang='lat' dir='ltr'>in</span> <span class='ocrx_word' id='word_1_156' title='bbox 567 1810 754 1839; x_wconf 90' lang='lat' dir='ltr'>nummo</span> <span class='ocrx_word' id='word_1_157' title='bbox 781 1799 866 1846; x_wconf 84' lang='lat' dir='ltr'>est,</span> <span class='ocrx_word' id='word_1_158' title='bbox 894 1799 943 1840; x_wconf 90' lang='lat' dir='ltr'>et</span> <span class='ocrx_word' id='word_1_159' title='bbox 971 1795 1219 1851; x_wconf 87' lang='lat' dir='ltr'>imaginem</span> <span class='ocrx_word' id='word_1_160' title='bbox 1242 1795 1357 1838; x_wconf 81' lang='lat' dir='ltr'>Dei⁵</span> <span class='ocrx_word' id='word_1_161' title='bbox 1380 1795 1500 1844; x_wconf 93' lang='lat' dir='ltr'>Deo,</span> <span class='ocrx_word' id='word_1_162' title='bbox 1525 1807 1628 1848; x_wconf 84' lang='lat' dir='ltr'>quae</span> <span class='ocrx_word' id='word_1_163' title='bbox 1655 1792 1705 1835; x_wconf 91' lang='lat' dir='ltr'>in</span> 
     </span>
     <span class='ocr_line' id='line_1_27' title="bbox 370 1869 1702 1927; baseline -0.002 -12"><span class='ocrx_word' id='word_1_164' title='bbox 370 1873 556 1916; x_wconf 89' lang='lat' dir='ltr'>homine</span> <span class='ocrx_word' id='word_1_165' title='bbox 594 1877 678 1923; x_wconf 88' lang='lat' dir='ltr'>est,</span> <span class='ocrx_word' id='word_1_166' title='bbox 716 1876 769 1915; x_wconf 92' lang='lat' dir='ltr'>ut</span> <span class='ocrx_word' id='word_1_167' title='bbox 805 1872 976 1916; x_wconf 83' lang='lat' dir='ltr'>Caesari</span> <span class='ocrx_word' id='word_1_168' title='bbox 1016 1872 1203 1927; x_wconf 90' lang='lat' dir='ltr'>quidem</span> <span class='ocrx_word' id='word_1_169' title='bbox 1241 1871 1485 1927; x_wconf 88' lang='lat' dir='ltr'>pecuniam</span> <span class='ocrx_word' id='word_1_170' title='bbox 1520 1869 1702 1920; x_wconf 86' lang='lat' dir='ltr'>reddas,</span> 
     </span>
    </p>
   </div>
   <div class='ocr_carea' id='block_1_8' title="bbox 372 1945 1706 2007">
    <p class='ocr_par' dir='ltr' id='par_1_8' title="bbox 372 1945 1706 2007">
     <span class='ocr_line' id='line_1_28' title="bbox 372 1945 1706 2007; baseline -0.002 -14"><span class='ocrx_word' id='word_1_171' title='bbox 372 1949 478 1993; x_wconf 92' lang='lat' dir='ltr'>Deo</span> <span class='ocrx_word' id='word_1_172' title='bbox 501 1950 810 2007; x_wconf 84' lang='lat' dir='ltr'>temetipsum.</span> <span class='ocrx_word' id='word_1_173' title='bbox 869 1949 1088 2007; x_wconf 89' lang='lat' dir='ltr'>Alioquin</span> <span class='ocrx_word' id='word_1_174' title='bbox 1114 1948 1226 2004; x_wconf 90' lang='lat' dir='ltr'>quid</span> <span class='ocrx_word' id='word_1_175' title='bbox 1248 1948 1338 1992; x_wconf 88' lang='lat' dir='ltr'>erit</span> <span class='ocrx_word' id='word_1_176' title='bbox 1359 1947 1465 1999; x_wconf 92' lang='lat' dir='ltr'>Dei,</span> <span class='ocrx_word' id='word_1_177' title='bbox 1490 1947 1529 1992; x_wconf 83' lang='lat' dir='ltr'>si</span> <span class='ocrx_word' id='word_1_178' title='bbox 1551 1945 1706 1992; x_wconf 81' lang='lat' dir='ltr'>omnia.</span> 
     </span>
    </p>
   </div>
   <div class='ocr_carea' id='block_1_9' title="bbox 373 2065 1010 2752">
    <p class='ocr_par' dir='ltr' id='par_1_9' title="bbox 373 2065 1006 2154">
     <span class='ocr_line' id='line_1_29' title="bbox 432 2065 1006 2104; baseline 0 -9"><span class='ocrx_word' id='word_1_179' title='bbox 432 2065 446 2084; x_wconf 76' lang='lat'>²</span> <span class='ocrx_word' id='word_1_180' title='bbox 460 2065 597 2095; x_wconf 75' lang='lat' dir='ltr'>homines</span> <span class='ocrx_word' id='word_1_181' title='bbox 605 2068 689 2096; x_wconf 80' lang='lat' dir='ltr'>retro</span> <span class='ocrx_word' id='word_1_182' title='bbox 690 2065 808 2104; x_wconf 71' lang='lat' dir='ltr'>fuisse.</span> <span class='ocrx_word' id='word_1_183' title='bbox 828 2066 888 2096; x_wconf 84' lang='lat' dir='ltr'>See</span> <span class='ocrx_word' id='word_1_184' title='bbox 897 2065 1006 2104; x_wconf 76' lang='lat' dir='ltr'>above,</span> 
     </span>
     <span class='ocr_line' id='line_1_30' title="bbox 373 2124 540 2154; baseline 0 -8"><span class='ocrx_word' id='word_1_185' title='bbox 373 2126 400 2147; x_wconf 85' lang='lat' dir='ltr'>c.</span> <span class='ocrx_word' id='word_1_186' title='bbox 416 2126 447 2154; x_wconf 92' lang='lat'>9,</span> <span class='ocrx_word' id='word_1_187' title='bbox 463 2125 496 2147; x_wconf 87' lang='lat' dir='ltr'>n.</span> <span class='ocrx_word' id='word_1_188' title='bbox 512 2124 540 2154; x_wconf 93' lang='lat'>7.</span> 
     </span>
    </p>

    <p class='ocr_par' dir='ltr' id='par_1_10' title="bbox 373 2165 1007 2246">
     <span class='ocr_line' id='line_1_31' title="bbox 433 2165 1007 2204; baseline 0.003 -10"><span class='ocrx_word' id='word_1_189' title='bbox 433 2165 448 2184; x_wconf 75' lang='lat'>⁸</span> <span class='ocrx_word' id='word_1_190' title='bbox 467 2168 673 2204; x_wconf 81' lang='lat' dir='ltr'>opponuntur,</span> <span class='ocrx_word' id='word_1_191' title='bbox 687 2166 759 2195; x_wconf 81' lang='lat' dir='ltr'>‘are</span> <span class='ocrx_word' id='word_1_192' title='bbox 773 2166 943 2204; x_wconf 81' lang='lat' dir='ltr'>presented</span> <span class='ocrx_word' id='word_1_193' title='bbox 956 2166 1007 2196; x_wconf 79' lang='lat' dir='ltr'>for</span> 
     </span>
     <span class='ocr_line' id='line_1_32' title="bbox 373 2214 562 2246; baseline 0 0"><span class='ocrx_word' id='word_1_194' title='bbox 373 2214 562 2246; x_wconf 60' lang='lat' dir='ltr'>ador-atim)</span> 
     </span>
    </p>

    <p class='ocr_par' dir='ltr' id='par_1_11' title="bbox 433 2265 1006 2304">
     <span class='ocr_line' id='line_1_33' title="bbox 433 2265 1006 2304; baseline -0.003 -8"><span class='ocrx_word' id='word_1_195' title='bbox 433 2265 448 2283; x_wconf 89' lang='lat'><strong>⁴</strong></span> <span class='ocrx_word' id='word_1_196' title='bbox 460 2265 646 2304; x_wconf 80' lang='lat' dir='ltr'>Benequod.</span> <span class='ocrx_word' id='word_1_197' title='bbox 668 2265 876 2301; x_wconf 81' lang='lat' dir='ltr'>Seeabove‚c.</span> <span class='ocrx_word' id='word_1_198' title='bbox 884 2272 1006 2302; x_wconf 82' lang='lat' dir='ltr'>5,n.10.</span> 
     </span>
    </p>

    <p class='ocr_par' dir='ltr' id='par_1_12' title="bbox 374 2314 1010 2653">
     <span class='ocr_line' id='line_1_34' title="bbox 435 2314 1005 2354; baseline -0.004 -9"><span class='ocrx_word' id='word_1_199' title='bbox 435 2315 448 2334; x_wconf 81' lang='lat'>⁵</span> <span class='ocrx_word' id='word_1_200' title='bbox 468 2315 633 2354; x_wconf 75' lang='lat' dir='ltr'>imaqinem</span> <span class='ocrx_word' id='word_1_201' title='bbox 656 2314 730 2344; x_wconf 85' lang='lat' dir='ltr'>Dei.</span> <span class='ocrx_word' id='word_1_202' title='bbox 774 2314 825 2344; x_wconf 80' lang='lat' dir='ltr'>De</span> <span class='ocrx_word' id='word_1_203' title='bbox 847 2314 955 2352; x_wconf 83' lang='lat' dir='ltr'>Spect.</span> <span class='ocrx_word' id='word_1_204' title='bbox 977 2323 1005 2344; x_wconf 86' lang='lat' dir='ltr'>c.</span> 
     </span>
     <span class='ocr_line' id='line_1_35' title="bbox 377 2364 1007 2400; baseline -0.003 -5"><span class='ocrx_word' id='word_1_205' title='bbox 377 2368 430 2395; x_wconf 87' lang='lat'>18:</span> <span class='ocrx_word' id='word_1_206' title='bbox 452 2366 581 2395; x_wconf 81' lang='lat' dir='ltr'>humani</span> <span class='ocrx_word' id='word_1_207' title='bbox 600 2365 678 2400; x_wconf 73' lang='lat' dir='ltr'>oris,</span> <span class='ocrx_word' id='word_1_208' title='bbox 693 2364 730 2394; x_wconf 83' lang='lat' dir='ltr'>id</span> <span class='ocrx_word' id='word_1_209' title='bbox 740 2367 785 2394; x_wconf 75' lang='lat' dir='ltr'>est</span> <span class='ocrx_word' id='word_1_210' title='bbox 797 2364 908 2394; x_wconf 85' lang='lat' dir='ltr'>divinae</span> <span class='ocrx_word' id='word_1_211' title='bbox 926 2364 1007 2393; x_wconf 81' lang='lat' dir='ltr'>ima-</span> 
     </span>
     <span class='ocr_line' id='line_1_36' title="bbox 374 2413 1009 2454; baseline -0.003 -10"><span class='ocrx_word' id='word_1_212' title='bbox 374 2415 468 2454; x_wconf 73' lang='lat' dir='ltr'>yinis.</span> <span class='ocrx_word' id='word_1_213' title='bbox 510 2415 541 2444; x_wconf 91' lang='lat' dir='ltr'>S.</span> <span class='ocrx_word' id='word_1_214' title='bbox 560 2415 700 2453; x_wconf 86' lang='lat' dir='ltr'>August.</span> <span class='ocrx_word' id='word_1_215' title='bbox 719 2414 831 2443; x_wconf 82' lang='lat' dir='ltr'>Enarr.</span> <span class='ocrx_word' id='word_1_216' title='bbox 843 2413 876 2442; x_wconf 90' lang='lat' dir='ltr'>in</span> <span class='ocrx_word' id='word_1_217' title='bbox 890 2413 943 2443; x_wconf 72' lang='grc' dir='ltr'>ΡΒ.</span> <span class='ocrx_word' id='word_1_218' title='bbox 959 2422 1009 2451; x_wconf 84' lang='grc'>94,</span> 
     </span>
     <span class='ocr_line' id='line_1_37' title="bbox 376 2462 1010 2504; baseline -0.006 -8"><span class='ocrx_word' id='word_1_219' title='bbox 376 2465 394 2504; x_wconf 82' lang='lat'>§</span> <span class='ocrx_word' id='word_1_220' title='bbox 423 2475 456 2496; x_wconf 86' lang='lat'>2:</span> <span class='ocrx_word' id='word_1_221' title='bbox 492 2465 655 2503; x_wconf 82' lang='lat' dir='ltr'>Tanquam</span> <span class='ocrx_word' id='word_1_222' title='bbox 681 2464 806 2500; x_wconf 79' lang='lat' dir='ltr'>diceret,</span> <span class='ocrx_word' id='word_1_223' title='bbox 833 2463 872 2494; x_wconf 79' lang='lat' dir='ltr'>Si</span> <span class='ocrx_word' id='word_1_224' title='bbox 901 2462 1010 2493; x_wconf 76' lang='lat' dir='ltr'>Caesar</span> 
     </span>
     <span class='ocr_line' id='line_1_38' title="bbox 374 2514 1008 2554; baseline -0.003 -10"><span class='ocrx_word' id='word_1_225' title='bbox 374 2515 490 2554; x_wconf 82' lang='lat' dir='ltr'>quoerit</span> <span class='ocrx_word' id='word_1_226' title='bbox 515 2515 550 2544; x_wconf 83' lang='lat' dir='ltr'>in</span> <span class='ocrx_word' id='word_1_227' title='bbox 575 2524 695 2544; x_wconf 83' lang='lat' dir='ltr'>nummo</span> <span class='ocrx_word' id='word_1_228' title='bbox 721 2514 888 2552; x_wconf 75' lang='lat' dir='ltr'>imaqinem</span> <span class='ocrx_word' id='word_1_229' title='bbox 909 2522 1008 2550; x_wconf 73' lang='lat' dir='ltr'>suam,</span> 
     </span>
     <span class='ocr_line' id='line_1_39' title="bbox 375 2563 1008 2603; baseline -0.003 -9"><span class='ocrx_word' id='word_1_230' title='bbox 375 2565 465 2594; x_wconf 75' lang='lat' dir='ltr'>Deus</span> <span class='ocrx_word' id='word_1_231' title='bbox 487 2573 548 2594; x_wconf 82' lang='lat' dir='ltr'>non</span> <span class='ocrx_word' id='word_1_232' title='bbox 569 2564 683 2603; x_wconf 81' lang='lat' dir='ltr'>quaerit</span> <span class='ocrx_word' id='word_1_233' title='bbox 702 2564 735 2593; x_wconf 84' lang='lat' dir='ltr'>in</span> <span class='ocrx_word' id='word_1_234' title='bbox 756 2564 876 2593; x_wconf 83' lang='lat' dir='ltr'>homine</span> <span class='ocrx_word' id='word_1_235' title='bbox 895 2563 1008 2602; x_wconf 76' lang='lat' dir='ltr'>imaqi-</span> 
     </span>
     <span class='ocr_line' id='line_1_40' title="bbox 376 2613 974 2653; baseline 0.002 -10"><span class='ocrx_word' id='word_1_236' title='bbox 376 2623 442 2644; x_wconf 86' lang='lat' dir='ltr'>nem</span> <span class='ocrx_word' id='word_1_237' title='bbox 455 2624 544 2644; x_wconf 78' lang='lat' dir='ltr'>suam</span> <span class='ocrx_word' id='word_1_238' title='bbox 555 2613 571 2644; x_wconf 74' lang='lat'>‚⁹</span> <span class='ocrx_word' id='word_1_239' title='bbox 606 2615 721 2653; x_wconf 88' lang='lat' dir='ltr'>Comp.</span> <span class='ocrx_word' id='word_1_240' title='bbox 736 2614 776 2643; x_wconf 87' lang='lat' dir='ltr'>de</span> <span class='ocrx_word' id='word_1_241' title='bbox 792 2613 867 2644; x_wconf 86' lang='lat' dir='ltr'>Cor.</span> <span class='ocrx_word' id='word_1_242' title='bbox 883 2622 913 2644; x_wconf 85' lang='lat' dir='ltr'>c.</span> <span class='ocrx_word' id='word_1_243' title='bbox 928 2623 974 2644; x_wconf 86' lang='lat'>12.</span> 
     </span>
    </p>

    <p class='ocr_par' dir='ltr' id='par_1_13' title="bbox 376 2661 1009 2752">
     <span class='ocr_line' id='line_1_41' title="bbox 437 2661 1009 2694; baseline -0.002 -1"><span class='ocrx_word' id='word_1_244' title='bbox 437 2663 450 2682; x_wconf 77' lang='lat'>⁶</span> <span class='ocrx_word' id='word_1_245' title='bbox 473 2663 632 2694; x_wconf 84' lang='lat' dir='ltr'>Cardeam</span> <span class='ocrx_word' id='word_1_246' title='bbox 658 2673 681 2693; x_wconf 89' lang='lat' dir='ltr'>a</span> <span class='ocrx_word' id='word_1_247' title='bbox 707 2663 898 2693; x_wconf 75' lang='lat' dir='ltr'>cardinibus.</span> <span class='ocrx_word' id='word_1_248' title='bbox 948 2661 1009 2692; x_wconf 79' lang='lat' dir='ltr'>See</span> 
     </span>
     <span class='ocr_line' id='line_1_42' title="bbox 376 2712 1008 2752; baseline -0.002 -8"><span class='ocrx_word' id='word_1_249' title='bbox 376 2714 428 2744; x_wconf 88' lang='lat' dir='ltr'>De</span> <span class='ocrx_word' id='word_1_250' title='bbox 452 2712 598 2752; x_wconf 78' lang='lat' dir='ltr'>spectac.</span> <span class='ocrx_word' id='word_1_251' title='bbox 620 2722 648 2744; x_wconf 88' lang='lat' dir='ltr'>c.</span> <span class='ocrx_word' id='word_1_252' title='bbox 666 2715 694 2751; x_wconf 92' lang='lat'>8,</span> <span class='ocrx_word' id='word_1_253' title='bbox 712 2722 745 2742; x_wconf 89' lang='lat' dir='ltr'>n.</span> <span class='ocrx_word' id='word_1_254' title='bbox 761 2721 797 2752; x_wconf 81' lang='lat'>73</span> <span class='ocrx_word' id='word_1_255' title='bbox 819 2712 871 2743; x_wconf 81' lang='lat' dir='ltr'>De</span> <span class='ocrx_word' id='word_1_256' title='bbox 887 2712 964 2743; x_wconf 86' lang='lat' dir='ltr'>Cor.</span> <span class='ocrx_word' id='word_1_257' title='bbox 979 2721 1008 2743; x_wconf 84' lang='lat' dir='ltr'>c.</span> 
     </span>
    </p>
   </div>
   <div class='ocr_carea' id='block_1_10' title="bbox 1074 2067 1713 2751">
    <p class='ocr_par' dir='ltr' id='par_1_14' title="bbox 1074 2067 1212 2104">
     <span class='ocr_line' id='line_1_43' title="bbox 1074 2067 1212 2104; baseline -0.007 -8"><span class='ocrx_word' id='word_1_258' title='bbox 1074 2075 1121 2104; x_wconf 87' lang='lat'>13,</span> <span class='ocrx_word' id='word_1_259' title='bbox 1135 2075 1167 2095; x_wconf 93' lang='lat' dir='ltr'>n.</span> <span class='ocrx_word' id='word_1_260' title='bbox 1182 2067 1212 2095; x_wconf 90' lang='lat'>6.</span> 
     </span>
    </p>

    <p class='ocr_par' dir='ltr' id='par_1_15' title="bbox 1074 2113 1708 2353">
     <span class='ocr_line' id='line_1_44' title="bbox 1134 2113 1704 2152; baseline -0.002 -7"><span class='ocrx_word' id='word_1_261' title='bbox 1134 2115 1148 2137; x_wconf 89' lang='lat'>⁷</span> <span class='ocrx_word' id='word_1_262' title='bbox 1166 2115 1287 2146; x_wconf 84' lang='lat' dir='ltr'>Janum</span> <span class='ocrx_word' id='word_1_263' title='bbox 1296 2123 1318 2145; x_wconf 90' lang='grc' dir='ltr'><em>α</em></span> <span class='ocrx_word' id='word_1_264' title='bbox 1322 2113 1441 2152; x_wconf 81' lang='lat' dir='ltr'>janua.</span> <span class='ocrx_word' id='word_1_265' title='bbox 1477 2114 1571 2145; x_wconf 77' lang='lat' dir='ltr'>Ovid.</span> <span class='ocrx_word' id='word_1_266' title='bbox 1582 2114 1669 2145; x_wconf 77' lang='lat' dir='ltr'>Fast.</span> <span class='ocrx_word' id='word_1_267' title='bbox 1679 2122 1704 2144; x_wconf 86' lang='lat'>1.</span> 
     </span>
     <span class='ocr_line' id='line_1_45' title="bbox 1075 2164 1704 2204; baseline -0.002 -8"><span class='ocrx_word' id='word_1_268' title='bbox 1075 2173 1142 2204; x_wconf 83' lang='lat'>125,</span> <span class='ocrx_word' id='word_1_269' title='bbox 1163 2174 1253 2204; x_wconf 84' lang='lat' dir='ltr'>sqq.:</span> <span class='ocrx_word' id='word_1_270' title='bbox 1275 2164 1438 2195; x_wconf 71' lang='lat' dir='ltr'>Praest‘deo</span> <span class='ocrx_word' id='word_1_271' title='bbox 1451 2164 1583 2203; x_wconf 69' lang='lat' dir='ltr'>foribus</span> <span class='ocrx_word' id='word_1_272' title='bbox 1598 2164 1704 2195; x_wconf 69' lang='lat' dir='ltr'>cali...</span> 
     </span>
     <span class='ocr_line' id='line_1_46' title="bbox 1074 2213 1707 2251; baseline -0.002 -6"><span class='ocrx_word' id='word_1_273' title='bbox 1074 2214 1153 2245; x_wconf 83' lang='lat' dir='ltr'>Inde</span> <span class='ocrx_word' id='word_1_274' title='bbox 1165 2223 1259 2244; x_wconf 80' lang='lat' dir='ltr'>vocor</span> <span class='ocrx_word' id='word_1_275' title='bbox 1270 2213 1556 2244; x_wconf 74' lang='lat' dir='ltr'>Janus...N0mina</span> <span class='ocrx_word' id='word_1_276' title='bbox 1568 2214 1707 2251; x_wconf 63' lang='lat' dir='ltr'>ridebiu</span> 
     </span>
     <span class='ocr_line' id='line_1_47' title="bbox 1075 2263 1708 2303; baseline 0.002 -9"><span class='ocrx_word' id='word_1_277' title='bbox 1075 2265 1164 2294; x_wconf 86' lang='lat' dir='ltr'>modo</span> <span class='ocrx_word' id='word_1_278' title='bbox 1197 2274 1328 2303; x_wconf 82' lang='lat' dir='ltr'>namque</span> <span class='ocrx_word' id='word_1_279' title='bbox 1349 2265 1518 2294; x_wconf 74' lang='lat' dir='ltr'>Patulcius</span> <span class='ocrx_word' id='word_1_280' title='bbox 1542 2264 1634 2302; x_wconf 75' lang='lat' dir='ltr'>idem,</span> <span class='ocrx_word' id='word_1_281' title='bbox 1660 2263 1708 2295; x_wconf 78' lang='lat' dir='ltr'>Et</span> 
     </span>
     <span class='ocr_line' id='line_1_48' title="bbox 1074 2313 1654 2353; baseline 0.003 -9"><span class='ocrx_word' id='word_1_282' title='bbox 1074 2314 1165 2344; x_wconf 84' lang='lat' dir='ltr'>modo</span> <span class='ocrx_word' id='word_1_283' title='bbox 1179 2314 1328 2353; x_wconf 76' lang='lat' dir='ltr'>sacrifico</span> <span class='ocrx_word' id='word_1_284' title='bbox 1345 2313 1472 2344; x_wconf 73' lang='lat' dir='ltr'>Clusius</span> <span class='ocrx_word' id='word_1_285' title='bbox 1484 2323 1538 2344; x_wconf 84' lang='lat' dir='ltr'>ore</span> <span class='ocrx_word' id='word_1_286' title='bbox 1549 2323 1654 2347; x_wconf 82' lang='lat' dir='ltr'>vocor.</span> 
     </span>
    </p>

    <p class='ocr_par' dir='ltr' id='par_1_16' title="bbox 1075 2363 1713 2751">
     <span class='ocr_line' id='line_1_49' title="bbox 1134 2363 1707 2403; baseline 0.002 -10"><span class='ocrx_word' id='word_1_287' title='bbox 1134 2363 1148 2382; x_wconf 84' lang='lat'>⁸</span> <span class='ocrx_word' id='word_1_288' title='bbox 1169 2373 1232 2403; x_wconf 85' lang='lat' dir='ltr'>per</span> <span class='ocrx_word' id='word_1_289' title='bbox 1254 2363 1494 2394; x_wconf 67' lang='lat' dir='ltr'>consecrationis</span> <span class='ocrx_word' id='word_1_290' title='bbox 1519 2363 1707 2403; x_wconf 70' lang='lat' dir='ltr'>obliqanoen-</span> 
     </span>
     <span class='ocr_line' id='line_1_50' title="bbox 1075 2413 1709 2452; baseline 0 -10"><span class='ocrx_word' id='word_1_291' title='bbox 1075 2417 1151 2444; x_wconf 80' lang='lat' dir='ltr'>tum.</span> <span class='ocrx_word' id='word_1_292' title='bbox 1191 2413 1311 2443; x_wconf 87' lang='lat' dir='ltr'>Arnob.</span> <span class='ocrx_word' id='word_1_293' title='bbox 1326 2421 1374 2444; x_wconf 80' lang='lat' dir='ltr'>vx.</span> <span class='ocrx_word' id='word_1_294' title='bbox 1396 2422 1430 2452; x_wconf 91' lang='lat' dir='ltr'>p.</span> <span class='ocrx_word' id='word_1_295' title='bbox 1445 2423 1512 2451; x_wconf 85' lang='lat'>203,</span> <span class='ocrx_word' id='word_1_296' title='bbox 1525 2413 1632 2443; x_wconf 79' lang='lat' dir='ltr'>where</span> <span class='ocrx_word' id='word_1_297' title='bbox 1653 2413 1709 2444; x_wconf 77' lang='lat' dir='ltr'>the</span> 
     </span>
     <span class='ocr_line' id='line_1_51' title="bbox 1075 2462 1713 2502; baseline -0.002 -9"><span class='ocrx_word' id='word_1_298' title='bbox 1075 2464 1187 2502; x_wconf 85' lang='lat' dir='ltr'>Pagan</span> <span class='ocrx_word' id='word_1_299' title='bbox 1204 2462 1316 2501; x_wconf 82' lang='lat' dir='ltr'>theory</span> <span class='ocrx_word' id='word_1_300' title='bbox 1337 2471 1373 2491; x_wconf 77' lang='lat' dir='ltr'>as</span> <span class='ocrx_word' id='word_1_301' title='bbox 1393 2465 1428 2492; x_wconf 84' lang='lat' dir='ltr'>to</span> <span class='ocrx_word' id='word_1_302' title='bbox 1446 2463 1501 2492; x_wconf 84' lang='lat' dir='ltr'>the</span> <span class='ocrx_word' id='word_1_303' title='bbox 1519 2462 1656 2502; x_wconf 73' lang='lat' dir='ltr'>sanctity</span> <span class='ocrx_word' id='word_1_304' title='bbox 1675 2462 1713 2492; x_wconf 76' lang='lat' dir='ltr'>of</span> 
     </span>
     <span class='ocr_line' id='line_1_52' title="bbox 1075 2511 1711 2551; baseline 0 -9"><span class='ocrx_word' id='word_1_305' title='bbox 1075 2513 1196 2551; x_wconf 85' lang='lat' dir='ltr'>images</span> <span class='ocrx_word' id='word_1_306' title='bbox 1204 2512 1231 2541; x_wconf 85' lang='lat' dir='ltr'>is</span> <span class='ocrx_word' id='word_1_307' title='bbox 1242 2512 1315 2541; x_wconf 81' lang='lat' dir='ltr'>thus</span> <span class='ocrx_word' id='word_1_308' title='bbox 1326 2512 1512 2550; x_wconf 84' lang='lat' dir='ltr'>expressed:</span> <span class='ocrx_word' id='word_1_309' title='bbox 1535 2511 1600 2542; x_wconf 78' lang='lat' dir='ltr'>Sed</span> <span class='ocrx_word' id='word_1_310' title='bbox 1609 2520 1711 2550; x_wconf 77' lang='lat' dir='ltr'>errae,</span> 
     </span>
     <span class='ocr_line' id='line_1_53' title="bbox 1077 2562 1711 2601; baseline -0.002 -9"><span class='ocrx_word' id='word_1_311' title='bbox 1077 2563 1217 2601; x_wconf 76' lang='lat' dir='ltr'>inquitis,</span> <span class='ocrx_word' id='word_1_312' title='bbox 1235 2565 1264 2592; x_wconf 81' lang='lat' dir='ltr'>et</span> <span class='ocrx_word' id='word_1_313' title='bbox 1283 2562 1400 2592; x_wconf 73' lang='lat' dir='ltr'>laberis</span> <span class='ocrx_word' id='word_1_314' title='bbox 1411 2573 1424 2598; x_wconf 91' lang='lat'>,·</span> <span class='ocrx_word' id='word_1_315' title='bbox 1446 2571 1520 2591; x_wconf 84' lang='lat' dir='ltr'>nam</span> <span class='ocrx_word' id='word_1_316' title='bbox 1539 2571 1636 2601; x_wconf 80' lang='lat' dir='ltr'>neque</span> <span class='ocrx_word' id='word_1_317' title='bbox 1654 2570 1711 2592; x_wconf 78' lang='lat' dir='ltr'>noe</span> 
     </span>
     <span class='ocr_line' id='line_1_54' title="bbox 1076 2611 1712 2651; baseline -0.002 -9"><span class='ocrx_word' id='word_1_318' title='bbox 1076 2621 1152 2642; x_wconf 84' lang='lat' dir='ltr'>cerae</span> <span class='ocrx_word' id='word_1_319' title='bbox 1161 2621 1257 2651; x_wconf 82' lang='lat' dir='ltr'>neque</span> <span class='ocrx_word' id='word_1_320' title='bbox 1271 2611 1345 2641; x_wconf 83' lang='lat' dir='ltr'>auri</span> <span class='ocrx_word' id='word_1_321' title='bbox 1359 2611 1541 2650; x_wconf 78' lang='lat' dir='ltr'>arqentique</span> <span class='ocrx_word' id='word_1_322' title='bbox 1551 2611 1712 2650; x_wconf 70' lang='lat' dir='ltr'>materiae,</span> 
     </span>
     <span class='ocr_line' id='line_1_55' title="bbox 1077 2661 1711 2701; baseline -0.002 -9"><span class='ocrx_word' id='word_1_323' title='bbox 1077 2671 1173 2701; x_wconf 79' lang='lat' dir='ltr'>neque</span> <span class='ocrx_word' id='word_1_324' title='bbox 1198 2662 1284 2691; x_wconf 69' lang='lat' dir='ltr'>alias</span> <span class='ocrx_word' id='word_1_325' title='bbox 1310 2661 1423 2701; x_wconf 75' lang='lat' dir='ltr'>quibus</span> <span class='ocrx_word' id='word_1_326' title='bbox 1447 2662 1540 2701; x_wconf 74' lang='lat' dir='ltr'>eiqna</span> <span class='ocrx_word' id='word_1_327' title='bbox 1566 2661 1711 2700; x_wconf 64' lang='lat' dir='ltr'>confiunt,</span> 
     </span>
     <span class='ocr_line' id='line_1_56' title="bbox 1075 2709 1711 2751; baseline -0.002 -10"><span class='ocrx_word' id='word_1_328' title='bbox 1075 2720 1133 2742; x_wconf 77' lang='lat' dir='ltr'>eas</span> <span class='ocrx_word' id='word_1_329' title='bbox 1154 2720 1218 2742; x_wconf 79' lang='lat' dir='ltr'>esse</span> <span class='ocrx_word' id='word_1_330' title='bbox 1232 2720 1294 2751; x_wconf 79' lang='lat' dir='ltr'>per</span> <span class='ocrx_word' id='word_1_331' title='bbox 1306 2720 1339 2742; x_wconf 75' lang='lat' dir='ltr'>se</span> <span class='ocrx_word' id='word_1_332' title='bbox 1352 2710 1425 2741; x_wconf 75' lang='lat' dir='ltr'>deos</span> <span class='ocrx_word' id='word_1_333' title='bbox 1444 2714 1473 2741; x_wconf 75' lang='lat' dir='ltr'>et</span> <span class='ocrx_word' id='word_1_334' title='bbox 1492 2710 1643 2750; x_wconf 73' lang='lat' dir='ltr'>reliqioea</span> <span class='ocrx_word' id='word_1_335' title='bbox 1655 2709 1711 2741; x_wconf 80' lang='lat' dir='ltr'>de-</span> 
     </span>
    </p>
   </div>
  </div>
 </body>
</html>
