1812 2956
530 165 617 202 DE
647 162 1099 202 IDOLOLATRIA.
1440 160 1494 203 59

142 294 348 340 libidinis
391 310 532 340 causa
577 296 945 352 frequententur.
1028 295 1086 339 In
1131 295 1210 338 illa
1252 295 1491 352 injustitia.
1537 309 1638 342 cAP.
1655 310 1684 342 Ι.

147 373 272 427 Quid
295 373 420 418 enim
443 373 656 430 injustius
678 387 736 417 ea
759 388 859 428 quae
874 373 1069 430 justitiae
1099 376 1282 430 patrem
1305 374 1492 418 nescit?

141 451 200 495 In
222 451 302 495 illa
330 452 474 496 etiam
499 451 690 502 vanitas,
717 466 824 495 cum
853 454 958 502 tota
987 451 1085 507 ejus
1118 451 1239 494 ratio
1268 466 1387 494 vana
1416 452 1490 497 sit.

141 528 198 573 In
220 529 300 573 illa
315 529 612 573 mendacium
620 531 648 580 ⁶,
668 543 774 573 cum
792 532 896 573 tota
914 530 1174 573 substantia
1190 530 1394 573 mendax
1417 530 1490 576 sit.

140 607 218 651 Ita
238 607 292 651 fit
314 611 369 651 ut
391 607 547 651 omnia
577 607 626 650 in
663 607 927 651 idololatria
950 612 1000 652 et
1028 608 1077 651 in
1107 608 1321 652 omnibus
1345 608 1491 653 idolo-

139 684 276 729 latria
298 685 690 743 deprehendatur.
761 686 855 730 Sed
889 690 939 730 et
972 686 1098 736 alias,
1135 701 1241 730 cum
1276 686 1491 730 universa

140 762 314 808 delicta
348 763 569 808 adversus
603 763 760 807 Deum
796 763 993 820 sapiant,
1026 763 1140 806 nihil
1172 766 1331 807 autem
1364 764 1491 819 quod

138 840 359 885 adversus
387 841 544 885 Deum
577 841 739 898 sapiat,
773 856 867 884 non
896 841 1136 884 daemoniis
1161 844 1212 884 et
1238 841 1488 884 immundis

139 917 376 975 spiritibus
399 918 653 974 deputetur
676 918 842 974 quibus
873 918 999 962 idola
1027 919 1364 975 mancipantur;
1388 918 1487 962 sine

137 996 282 1040 dubio
321 996 632 1040 idololatriam
677 997 886 1040 admittit
922 997 1201 1052 quicumque
1243 995 1485 1051 delinquit.

138 1073 198 1118 Id
217 1074 342 1118 enim
363 1074 478 1118 facit
501 1074 628 1130 quod
644 1075 706 1118 ad
726 1075 958 1119 idolorum
982 1072 1243 1131 mancipes⁷
1265 1073 1485 1130 pertinet.

240 1151 335 1196 Sed
370 1151 604 1195 universa1
644 1152 834 1195 nomina
873 1152 1117 1196 criminum
1153 1151 1399 1195 discedant
1438 1151 1487 1193 in
1524 1163 1623 1194 CAP.
1640 1164 1687 1195 11.

137 1243 331 1286 operum
364 1242 552 1272 suorum
586 1229 912 1285 proprietates,
946 1232 1188 1272 remaneat
1221 1228 1486 1271 idololatria
1503 1219 1702 1285 {issfflffffigssfy‘

137 1307 187 1350 in
209 1321 268 1351 eo
291 1306 417 1362 quod
439 1306 540 1363 ipsa
563 1310 647 1357 est,
673 1306 843 1350 sufficit
877 1306 965 1350 sibi
994 1310 1091 1349 tam
1116 1306 1355 1349 inimicum
1428 1321 1485 1349 eo
1502 1280 1697 1372 ffiglffiof

137 1399 322 1436 nomen,
349 1387 449 1428 tam
481 1383 689 1441 locuples
723 1384 988 1439 substantia,
1018 1384 1235 1436 criminis,
1274 1399 1377 1439 quae
1411 1387 1486 1428 tot
1503 1371 1685 1458 Ξὲεξῖὲὲἶξὲη

137 1476 291 1506 ramos
313 1461 524 1519 porrigit,
546 1464 620 1505 tot
642 1475 783 1505 venas
814 1460 1067 1510 defundit2,
1092 1464 1147 1503 ut
1171 1461 1231 1504 de
1262 1461 1353 1504 hoc
1379 1476 1485 1504 cum
1503 1463 1695 1526 {ffitggffigw

136 1539 338 1584 maxime
380 1539 578 1583 materia
623 1542 840 1595 suscepta
886 1538 959 1589 sit,
1008 1541 1123 1593 quot
1162 1538 1313 1581 modis
1353 1539 1487 1582 nobis

135 1616 436 1675 praecavenda
458 1617 520 1660 sit
541 1616 816 1660 idololatriae
849 1615 1065 1666 latitudo,
1091 1616 1309 1671 quoniam
1333 1616 1488 1659 multi-

134 1695 301 1738 fariam
323 1708 479 1739 servos
508 1694 603 1738 Dei
632 1709 720 1738 nec
749 1697 936 1737 tantum
967 1693 1197 1749 ignorata,
1230 1693 1315 1737 sed
1344 1694 1488 1736 etiam

136 1771 425 1816 dissimulata
459 1772 700 1816 subvertit.
770 1771 991 1826 Plerique
1031 1771 1344 1836 idololatriam
1382 1772 1487 1814 sim-

137 1848 320 1906 pliciter
343 1848 613 1893 existimant
641 1848 712 1892 his
743 1848 851 1892 solis
888 1847 1039 1890 modis
1069 1847 1487 1904 interpretandam,

137 1961 190 1992 De
204 1961 313 2002 Spect.
328 1970 356 1993 ο.
371 1971 408 1992 10
420 1971 428 1991 ε
442 1961 607 2001 Apollines
623 1961 782 2000 mancipes

138 2011 262 2042 habent.
273 2011 328 2042 Ad
336 2011 428 2042 Natt.
437 2020 475 2042 11.
485 2021 516 2044 2:
527 2011 703 2041 auctoritas
704 2011 781 2050 phi-

139 2062 350 2101 losqphorum,
360 2065 395 2092 ut
408 2062 599 2100 mancipium
608 2062 779 2100 sapientiae.

140 2111 255 2151 Comp.
268 2112 387 2148 below,
394 2121 422 2141 c.
431 2121 476 2150 13:
487 2112 627 2141 humanae
633 2112 782 2150 supersti-

138 2161 236 2194 tionis
244 2161 311 2192 deis
321 2162 530 2201 mancipatoe;
539 2162 603 2191 and
612 2162 663 2191 De
673 2163 780 2200 Spect.

138 2221 167 2243 c.
180 2222 234 2244 12:
248 2212 290 2242 In
306 2215 498 2242 mortuorum
512 2212 608 2242 idolis
627 2212 782 2242 doemom’a

138 2262 321 2293 consistunt.
369 2261 430 2293 See
445 2262 561 2300 below,
574 2272 602 2292 c.
619 2271 665 2301 15,
680 2272 712 2292 n.
728 2264 757 2293 8.

200 2312 261 2344 Ch.
273 2313 320 2344 11.
341 2313 351 2332 ²
370 2312 435 2343 Sed
443 2313 628 2343 universa...
640 2315 649 2330 ‘
658 2314 725 2343 But
735 2314 782 2344 let

140 2363 197 2393 the
219 2363 352 2402 general
379 2362 635 2392 denominations
656 2363 692 2392 of
716 2363 782 2400 s'ms

139 2422 226 2452 pass,
240 2413 305 2442 and
318 2413 365 2443 let
376 2413 463 2443 them
477 2413 521 2443 be
531 2414 688 2453 arranged
703 2414 780 2443 each

140 2463 244 2493 under
261 2463 316 2492 the
337 2462 456 2501 special
477 2463 558 2493 head
581 2464 718 2494 denoted
740 2465 781 2503 by

140 2512 183 2543 its
197 2515 270 2549 act3
291 2511 337 2542 let
357 2512 493 2552 idolatry
513 2513 554 2543 be
575 2513 720 2543 confined
746 2516 781 2543 to

140 2561 214 2593 that
241 2561 347 2591 which
380 2561 407 2591 in
439 2561 589 2602 specially
623 2563 760 2603 idolatry
771 2574 780 2602 3

141 2611 235 2642 there
248 2611 276 2640 is
295 2611 424 2651 enough
444 2611 477 2641 in
499 2621 519 2642 a
538 2621 632 2642 name
650 2621 686 2642 so
706 2613 780 2643 hos-

141 2660 199 2691 tile
213 2663 248 2692 to
264 2661 388 2698 God‚in
403 2670 439 2691 so
450 2662 611 2693 extensive
624 2672 644 2692 a
655 2662 783 2701 ground

847 1960 899 1989 for
924 1959 1118 1996 accusation,
1146 1959 1218 1989 that
1243 1962 1320 1998 puts
1343 1960 1431 1990 forth
1452 1968 1489 1990 so

848 2017 943 2048 many
969 2009 1134 2045 branches,
1169 2001 1323 2039 descends
1349 2009 1419 2039 into
1453 2018 1489 2039 so

848 2069 942 2098 many
957 2059 1118 2095 channels,
1133 2058 1203 2088 that
1217 2059 1300 2088 from
1322 2059 1386 2089 this
1406 2060 1489 2089 head

848 2109 961 2147 chiefly
988 2108 1045 2137 has
1068 2117 1121 2148 my
1146 2109 1254 2138 theme
1281 2110 1363 2139 been
1391 2110 1488 2139 taken

848 2168 903 2197 up,
918 2161 952 2188 to
967 2158 1054 2187 shew
1071 2157 1104 2186 in
1125 2158 1198 2187 how
1218 2167 1313 2198 many
1333 2168 1419 2198 ways
1439 2169 1490 2189 we

848 2211 935 2238 must
961 2207 1035 2237 take
1058 2207 1262 2246 precautions
1286 2209 1414 2247 against
1433 2209 1489 2238 the

848 2258 952 2288 whole
969 2260 1080 2287 extent
1095 2257 1131 2286 of
1143 2257 1303 2297 idolatry.'

909 2308 923 2326 ⁹
956 2313 1113 2353 defundit.
1175 2313 1251 2352 mg.
1285 2309 1369 2339 from
1404 2308 1486 2348 conj.

848 2361 1010 2402 dzsffundit.
1040 2364 1088 2393 La
1099 2361 1205 2393 Cerda
1217 2364 1330 2401 quotes
1345 2359 1377 2388 S.
1390 2358 1488 2397 Cypr.

848 2412 899 2442 De
921 2413 1059 2442 Patient.
1083 2423 1114 2452 p.
1146 2422 1202 2450 253
1232 2411 1305 2449 (Ed.
1330 2408 1486 2446 Bened.):

848 2462 931 2492 Late
941 2466 1030 2501 patet
1046 2462 1215 2492 Patientiae
1229 2461 1339 2497 virtus,
1353 2462 1382 2490 et
1396 2460 1488 2489 uber-

848 2516 899 2543 tas
918 2513 984 2550 ejus
1001 2516 1030 2543 et
1048 2513 1187 2551 larqitas
1207 2511 1245 2542 de
1258 2511 1351 2541 unius
1365 2510 1491 2550 quidem

847 2563 982 2592 nominis
997 2563 1092 2601 fimte
1113 2561 1342 2601 proficiscitur,
1361 2560 1418 2590 sed
1438 2570 1491 2590 εω-

849 2613 1041 2643 undantibus
1060 2613 1146 2643 venis
1160 2621 1222 2651 per
1247 2611 1346 2642 multa
1366 2611 1491 2651 qloria-

849 2673 918 2694 rum
933 2664 1049 2694 itinera
1062 2662 1263 2704 diffunditur.
