1812 2956
360 186 414 228 64

719 191 1121 229 TERTULLIANI
1151 192 1323 230 LIBER

147 329 320 363 CARIV.
356 322 647 378 Cognoscite,
681 322 807 377 quod
837 322 951 366 cinis
981 322 1040 365 sit
1071 337 1151 366 cor
1179 323 1360 366 illorum
1390 327 1439 367 et
1466 327 1605 376 terra,
1634 319 1685 369 et

135 417 301 443 Es.x11v.20.
352 413 490 441 nemo
528 399 727 442 animam
762 414 892 443 suam
930 399 1127 443 liberare
1164 400 1344 456 possitss.

890 476 1028 521 Tales
1061 477 1186 527 fiant,
1211 477 1373 533 inquit,
1398 478 1478 533 qui
1506 478 1685 522 faciunt

135 479 177 506 ΡΒ.
193 487 248 506 cxv.
262 481 283 506 8.

155 1016 254 1047 CAP.
269 1017 311 1047 V.

134 1074 213 1099 Some
242 1074 303 1099 lead

132 1135 186 1159 this
197 1136 218 1159 is
228 1135 334 1166 subject

131 1166 160 1189 to
172 1165 253 1190 God's
265 1166 321 1190 law.

134 1195 213 1220 Some
225 1195 303 1225 plead

133 1225 276 1260 Scripture,
285 1226 335 1249 but

131 1291 235 1310 versmn
247 1286 276 1310 of
284 1286 311 1310 it.

132 1314 188 1340 The
199 1322 257 1340 case
269 1316 299 1340 of

130 1345 177 1370 the
188 1345 287 1370 brazen

131 1377 240 1406 serpent
251 1383 303 1401 was

352 474 507 518 David
530 479 579 519 et
605 476 820 520 factores.

1412 401 1510 445 Ubi
1552 415 1684 456 aeque

352 566 420 595 ea.
438 539 452 551 ’
483 551 548 595 Et
588 553 699 607 quid
736 567 838 609 ego,
875 553 1071 596 modicae
1107 554 1341 597 memoriae
1374 554 1526 605 homo,
1562 553 1684 598 ultra

352 628 465 683 quid
488 630 764 685 suggeram?
796 629 908 685 quid
930 629 1132 673 recolam
1153 630 1212 673 de
1234 630 1515 687 Scripturis?
1541 629 1684 683 Quasi

352 709 433 748 aut
478 720 571 749 non
617 707 812 750 sufficiat
853 721 945 750 vox
991 707 1186 763 Spiritus
1233 707 1404 758 Sancti,
1445 710 1527 751 aut
1562 707 1685 752 ultra

352 782 700 826 deliberandum
731 783 804 834 sit,
829 798 888 826 an
916 783 1209 827 maledixerit
1234 787 1375 838 atque
1399 783 1685 827 damnaverit

351 859 579 903 Dominus
608 861 731 916 ipsos
759 861 885 917 prius
919 861 1119 905 artifices
1157 875 1330 912 eorum,
1363 875 1558 916 quorum
1587 860 1684 905 cul-

351 940 479 980 tores
502 937 738 981 maledicit
764 941 813 981 et
837 938 1053 981 damnat!

441 1013 586 1057 Plane
604 1014 854 1070 impensius
877 1014 1257 1070 respondebimus
1280 1014 1342 1057 ad
1362 1013 1683 1058 excusationes

132 1082 334 1137 necessiiyzbut
351 1089 612 1144 hujusmodi
635 1091 875 1142 artificum,
900 1105 1014 1146 quos
1034 1106 1268 1146 nunquam
1287 1092 1335 1133 in
1358 1091 1547 1134 domum
1566 1090 1681 1134 Dei¹

352 1165 538 1208 admitti
561 1170 759 1222 oportet,
779 1167 818 1210 si
841 1167 942 1221 quis
966 1181 1069 1210 eam
1087 1167 1374 1223 disciplinam
1391 1167 1528 1210 norit.
1575 1167 1683 1210 Jam

132 1255 185 1280 this
192 1262 313 1290 Jsaper-
352 1242 430 1285 illa
453 1243 592 1299 objici
625 1243 760 1287 solita
789 1258 893 1294 VOX,
923 1244 1033 1288 Non
1065 1244 1216 1288 habeo
1244 1244 1371 1287 aliud
1400 1258 1492 1299 quo
1520 1243 1681 1295 vivam,

353 1318 628 1362 districtius²
661 1322 895 1376 repercuti
924 1324 1093 1376 potest.

1163 1320 1333 1364 Vivere
1380 1335 1493 1376 ergo
1526 1320 1681 1364 habes.

132 1406 306 1437 exceptional-
354 1395 478 1446 Quid
514 1396 601 1438 tibi
638 1411 744 1439 eum
777 1397 884 1440 Deo
923 1400 1007 1448 est,
1049 1397 1088 1441 si
1126 1396 1219 1440 tuis
1252 1397 1494 1454 legibus³?
1561 1397 1683 1440 Tum

350 1472 474 1526 quod
508 1476 558 1516 et
590 1472 650 1516 de
684 1473 931 1529 Scripturis
962 1474 1138 1517 audent
1160 1473 1485 1530 argumentari,
1511 1472 1681 1516 dixisse

348 1549 622 1604 apostolum,
670 1550 740 1592 Ut
786 1550 979 1604 quisque
1022 1550 1164 1593 fuerit
1206 1550 1430 1603 inventus,
1467 1549 1536 1592 ita
1579 1563 1681 1605 per-

131 1561 146 1586 1
158 1560 217 1585 Cor.
227 1560 267 1586 vii.
281 1561 318 1586 20.

348 1658 406 1687 que
433 1652 592 1678 censentur
609 1649 742 1688 probra,
764 1658 858 1687 quam
877 1658 982 1679 eorum

348 1699 404 1736 qui
423 1698 572 1735 ejusmodi
585 1699 751 1737 factitant,
764 1708 858 1737 quam
877 1708 982 1728 eorum

347 1749 403 1787 qui
425 1749 488 1778 ista
513 1749 697 1787 suscipiunt.
740 1748 862 1786 Below,
881 1758 908 1779 c.
929 1750 981 1779 18:

347 1807 442 1835 quam
475 1797 649 1837 diqnitatis,
681 1807 775 1836 quam
802 1798 980 1836 potestatis.

348 1847 381 1877 S.
400 1846 496 1886 Cypr.
510 1848 550 1876 ad
564 1847 684 1877 Donat.
697 1856 729 1886 p.
745 1857 773 1878 α.
792 1848 842 1876 ed.
860 1847 982 1877 Oxon.:

347 1906 441 1935 quam
458 1906 521 1934 ore,
536 1906 630 1936 quam
648 1900 743 1926 mente
759 1900 840 1926 totus
852 1897 981 1927 auditor

347 1955 389 1976 es.
427 1946 468 1975 So
485 1946 579 1976 Oehl.
615 1946 681 1975 But
694 1946 756 1975 Ed.
768 1946 886 1977 Bened.
903 1956 936 1985 p.
949 1956 978 1984 1,

345 1995 446 2032 readS,
455 1996 531 2025 Tam
539 2005 627 2032 aure,
636 2005 729 2034 quam
737 1999 842 2025 mente.
877 1996 917 2025 In
924 1996 979 2025 the

348 2045 426 2076 Oxf.
435 2046 496 2075 Ed.
509 2047 594 2083 1682,
602 2045 666 2075 this
675 2045 702 2074 E
705 2045 800 2084 pistle
809 2045 835 2074 is
844 2045 979 2075 omitted

345 2094 536 2132 altogether.

405 2142 418 2160 Β
441 2142 778 2182 Coqnoscite...LXX.
799 2142 903 2183 γνῶθι
922 2142 978 2173 ὅτι.

346 2193 469 2222 σποδὸς
489 2192 508 2228 ἠ
527 2193 644 2231 καρδία
673 2194 792 2230 αὐτῶν,
813 2193 866 2222 καὶ
886 2192 977 2222 πλα-

346 2243 482 2281 νῶνται,
498 2243 551 2273 καὶ
568 2242 670 2272 οὐδεὶς
688 2242 826 2272 δύναται
840 2241 974 2281 ἐξελέσ-

345 2291 397 2321 θαι
413 2292 475 2327 τήν
490 2292 606 2331 ψυχήν
620 2292 739 2322 αὐτῶν.
767 2291 869 2330 Vulg.
886 2292 976 2321 Pars

344 2341 410 2379 ejus
423 2342 503 2372 cinis
522 2345 576 2378 est,
590 2350 645 2372 cor
664 2341 814 2380 insipiens
827 2341 975 2371 adoravit

340 2392 426 2421 illud
436 2395 465 2421 et
475 2401 560 2421 nemo
574 2391 720 2421 liberavit
729 2391 865 2421 animam
872 2400 972 2421 suam.

342 2441 390 2470 La
405 2441 512 2471 Cerda
532 2441 669 2480 wishing
691 2444 723 2470 to
742 2441 834 2470 make
849 2440 972 2470 Tertul.

342 2500 438 2529 agree
452 2491 530 2520 with
549 2491 604 2520 the
629 2491 727 2530 Vulg.
749 2490 898 2528 explains
918 2498 974 2519 cor

340 2540 467 2569 illorum
481 2549 515 2569 as
539 2541 612 2570 ‘the
635 2541 726 2570 beart
747 2541 783 2569 of
801 2540 856 2569 the
870 2538 972 2576 idols,¹

340 2589 399 2618 but
415 2590 539 2620 Tertul.
550 2592 664 2628 quotes
677 2599 711 2619 as
721 2590 812 2619 usual
821 2590 902 2618 from
918 2588 973 2618 the

340 2638 449 2668 LXX.
486 2639 564 2668 This
578 2639 634 2668 has
647 2639 699 2669 led
715 2642 749 2669 to
764 2649 783 2669 a
797 2638 930 2677 conject.
943 2641 973 2668 et

340 2691 449 2717 errant
461 2688 511 2716 for
528 2691 557 2717 et
570 2691 667 2724 terra,
683 2691 717 2718 to
731 2687 924 2726 cor-respond
937 2689 971 2717 to

339 2737 394 2767 καὶ
408 2737 616 2776 πλανῶνται,
628 2738 686 2768 but
696 2738 818 2768 Tertul.
828 2737 904 2767 does
914 2738 972 2767 not

1049 1650 1166 1689 always
1174 1655 1271 1689 quote
1284 1649 1472 1688 accurately.
1494 1649 1554 1678 See
1566 1649 1680 1686 below,

1050 1709 1076 1730 c.
1091 1709 1138 1738 23,
1158 1709 1189 1729 n.
1211 1710 1242 1737 9.
1286 1699 1400 1738 Comp.
1422 1699 1526 1728 Wisd.
1549 1708 1601 1729 xv.
1625 1708 1679 1729 10:

1051 1749 1175 1778 σποδὸς
1190 1748 1208 1784 ἠ
1219 1748 1335 1787 καρδῖα
1350 1748 1462 1785 αὐτοῦ,
1476 1747 1532 1777 καὶ
1545 1749 1608 1786 *γῆς
1629 1748 1680 1777 εὐ-

1048 1797 1238 1835 τελεστέρα
1265 1796 1284 1833 ή
1312 1796 1409 1826 ἐλπὶς
1432 1797 1546 1835 αὐτοῦ,
1566 1796 1678 1832 πηλοῦ

1048 1857 1089 1875 «τε
1101 1844 1303 1885 ἀτιμότερος
1320 1846 1338 1876 ὁ
1350 1846 1423 1885 βιὸς
1437 1846 1549 1877 αὐτοῦ.

1109 1894 1169 1925 Ch.
1208 1896 1250 1926 V.
1292 1894 1302 1913 ¹
1337 1895 1459 1925 domum
1493 1895 1569 1932 Dei,
1602 1895 1678 1926 ‘the

1047 1944 1225 1975 household
1247 1954 1284 1975 or
1304 1945 1413 1984 family
1433 1945 1470 1975 of
1493 1944 1587 1982 God,’
1607 1954 1642 1975 as
1659 1952 1675 1975 τ.

1049 1994 1130 2024 Tim.
1144 1995 1186 2025 iii.
1201 2003 1247 2033 15,
1257 1995 1343 2025 οἶκος
1354 1996 1447 2032 θεοῦ,
1456 1997 1514 2025 not
1523 2004 1558 2025 ΒΕ
1567 1995 1600 2024 in
1608 2004 1636 2026 c.
1648 2002 1678 2034 7,

1047 2044 1118 2073 ‘the
1132 2044 1299 2083 building.’
1327 2045 1399 2075 One
1420 2045 1457 2074 of
1476 2045 1532 2075 the
1551 2044 1677 2074 earliest

1046 2102 1164 2123 canons
1189 2093 1382 2132 premribed,
1406 2093 1459 2123 ‘If
1478 2103 1498 2123 a
1519 2094 1628 2123 maker
1642 2093 1680 2123 of

1044 2143 1126 2172 idols
1140 2152 1240 2181 come,
1258 2143 1304 2173 let
1319 2143 1382 2172 him
1404 2144 1506 2174 either
1522 2144 1611 2174 leave
1630 2143 1678 2174 off

1044 2192 1093 2222 his
1111 2193 1336 2232 emphyment,
1360 2201 1398 2222 or
1412 2193 1460 2222 let
1478 2193 1543 2222 him
1563 2193 1604 2223 be
1622 2202 1675 2223 re.

1037 2241 1168 2281 jected.’
1189 2242 1325 2272 Constit.
1342 2241 1455 2281 Apost.
1470 2242 1503 2272 in
1515 2242 1674 2272 Bunsen’a

1042 2291 1175 2329 Hippol.
1191 2291 1264 2321 Vol.
1280 2300 1332 2321 111.
1348 2300 1382 2330 p.
1395 2295 1434 2328 σς
1461 2291 1582 2331 Bingh.
1596 2291 1674 2324 chr.

1042 2341 1122 2371 Ant.
1136 2349 1187 2371 X1.
1202 2349 1233 2378 5,
1250 2343 1281 2371 6.

1101 2388 1114 2406 ²
1142 2389 1326 2427 districtius,
1360 2391 1448 2422 ‘h.e.
1481 2391 1670 2427 accuratius,

1041 2440 1230 2478 promptius,
1246 2441 1396 2471 severius.
1437 2440 1577 2471 Cassian.
1593 2441 1670 2472 Col-

1039 2489 1095 2519 lat.
1110 2498 1187 2519 vm.
1203 2499 1237 2519 1:
1264 2490 1333 2519 Pro
1346 2490 1534 2520 abstinentia
1547 2490 1671 2521 dietric-

1039 2539 1116 2568 tiori
1142 2539 1255 2568 blande
1279 2539 1356 2569 solet
1375 2549 1415 2569 ac
1437 2540 1568 2570 latenter
1589 2541 1670 2570 irre-

1038 2637 1219 2667 nachorum.
1249 2637 1330 2668 Cod.
1352 2638 1510 2669 Theodos.
1537 2647 1559 2669 1.
1582 2648 1630 2675 11,
1649 2648 1667 2678 3

1039 2687 1095 2724 (de
1109 2686 1171 2715 def.
1186 2686 1244 2716 civ.
1253 2686 1279 2725 ):
1288 2687 1506 2725 probatissimi
1515 2688 1670 2727 quique&
