1812 2956
163 325 263 357 CAP.
280 326 308 356 1.

156 1783 257 1814 CAP.
271 1783 316 1813 11.

1302 87 1314 103 N

353 186 379 225 2
631 221 634 224 .
717 190 1116 227 TERTULLIANI
1147 191 1320 227 LIBER

353 318 691 374 argumentari⁴
736 321 1041 361 censuerunt:
1092 318 1221 360 Nihil
1266 319 1537 375 obstrepere
1579 318 1684 362 reli-

353 395 481 452 gioni
516 395 564 437 in
604 394 758 437 animo
798 397 848 437 et
894 394 1176 438 conscientia
1220 398 1302 438 tua
1346 398 1478 438 tanta
1519 394 1684 439 solatia

355 472 642 515 extrinsecus
674 471 913 515 oculorum
941 471 1014 514 vel
1049 471 1240 522 aurium,
1271 486 1358 515 nec
1389 486 1498 515 vero
1527 472 1683 515 Deum

355 549 528 592 offendi
551 547 863 591 oblectatione
887 547 1097 599 hominia
1122 563 1212 604 qua
1235 548 1359 592 salvo
1392 563 1505 605 erga
1526 549 1684 592 Deum

353 629 483 669 metu
507 630 556 669 et
578 625 754 669 honore
778 640 861 668 suo
883 625 931 668 in
953 629 1164 682 tempore
1193 629 1243 670 et
1273 641 1356 670 suo
1385 626 1434 668 in
1459 625 1565 669 loco
1592 625 1686 668 frui

355 703 502 747 scelus
525 718 619 746 non
643 703 714 746 sit.
784 703 853 746 At
876 703 985 758 quin
1007 703 1096 747 hoc
1121 718 1226 747 cum
1250 703 1450 747 maxime
1472 715 1686 759 paramus

356 781 686 830 demonstrare,
729 780 1119 835 quemadmodum
1159 781 1249 823 ista
1288 794 1382 824 non
1417 782 1686 836 competant

354 872 474 900 verae
498 856 711 912 religioni
736 860 785 900 et
806 871 916 900 vero
945 857 1166 911 obsequio
1190 871 1303 913 erga
1324 871 1484 900 verum
1515 856 1684 900 Deum.

358 935 474 978 Sunt
510 934 588 988 qui
622 933 891 976 existiment
927 933 1224 985 Christianos,
1249 934 1520 990 expeditum
1544 932 1686 976 morti

355 1025 515 1067 genus,
549 1010 610 1052 ad
638 1010 757 1053 hanc
792 1009 1172 1053 obstinationem⁵
1206 1010 1500 1054 abdicatione
1530 1009 1687 1065 volup-

355 1091 508 1131 tatum
563 1087 748 1138 erudiri,
797 1103 888 1142 quo
940 1088 1120 1132 facilius
1169 1089 1313 1131 vitam
1369 1090 1685 1137 contemnant,

356 1164 605 1221 amputatis
649 1164 778 1219 quasi
821 1164 1085 1208 retinaculis
1129 1165 1240 1220 ejus,
1286 1179 1373 1208 nec
1419 1164 1687 1208 desiderent

359 1256 496 1296 quam
522 1242 622 1297 jam
653 1256 983 1297 supervacuam
1017 1242 1104 1285 sibi
1131 1242 1343 1293 fecerint,
1371 1244 1425 1284 ut
1457 1240 1547 1284 hoc
1577 1255 1687 1284 con-

357 1318 457 1362 silio
481 1318 634 1375 potius
669 1322 719 1362 et
748 1318 949 1362 humano
979 1322 1240 1375 prospectu,
1271 1333 1365 1362 non
1393 1317 1547 1361 divino
1571 1331 1688 1374 prae-

357 1396 529 1452 scripto
573 1395 813 1439 definitum
859 1395 1194 1440 existimentur.
1276 1395 1477 1451 Pigebat
1508 1393 1686 1438 scilicet

357 1473 499 1516 etiam
527 1476 875 1529 perseverantes
906 1472 955 1515 in
987 1473 1128 1516 tantis
1157 1472 1471 1528 voluptatibus
1494 1474 1686 1527 propter

355 1549 511 1592 Deum
540 1549 693 1591 mori⁶.
765 1549 1056 1603 Quamquam
1080 1549 1168 1592 etsi
1202 1549 1269 1592 ita
1293 1551 1428 1599 esset,
1453 1551 1551 1590 tam
1573 1549 1685 1603 apto

355 1625 545 1669 consilio
571 1627 716 1667 tantae
745 1625 995 1668 obstinatio
1021 1622 1297 1680 disciplinae⁷
1321 1624 1523 1668 debebat
1553 1623 1685 1667 obse-

356 1701 526 1756 quium.

454 1779 563 1821 Jam
591 1793 700 1822 vero
729 1793 866 1822 nemo
897 1781 980 1829 est,
1011 1779 1088 1833 qui
1117 1792 1210 1821 non
1236 1777 1325 1821 hoe
1358 1790 1540 1832 quoque
1570 1791 1683 1834 prae-

407 1872 421 1891 ⁴
442 1873 666 1912 arqumentari.
695 1873 775 1902 Two
788 1872 916 1903 Gentile
931 1873 987 1902 ob-
1052 1882 1157 1902 surum
1172 1872 1304 1912 flumini
1323 1871 1526 1911 rapidissimo
1550 1874 1607 1902 aut
1623 1879 1686 1911 per

350 1923 505 1962 jections3
520 1933 549 1958 1,
562 1923 632 1953 that
646 1923 701 1952 the
711 1923 871 1961 pleasures
885 1923 921 1952 of
931 1922 987 1951 the

355 1982 410 2012 eye
433 1982 469 2002 or
489 1982 542 2002 ear
563 1973 644 2002 need
662 1975 718 2002 not
736 1972 887 2002 interfere
910 1971 987 2001 with

354 2024 409 2053 the
431 2023 565 2062 religion
589 2023 625 2052 of
650 2023 705 2052 the
730 2023 837 2060 heart3
863 2032 891 2059 2,
915 2023 987 2052 that

354 2073 409 2103 the
431 2073 614 2102 abstinence
639 2073 666 2102 is
691 2072 764 2111 only
792 2072 986 2111 prudential,

354 2124 415 2152 lest
441 2122 497 2151 life
523 2122 653 2151 become
686 2124 741 2151 too
774 2122 919 2160 pleasant
952 2124 986 2151 to

353 2171 509 2201 abandon.

412 2220 426 2238 ⁶
445 2220 490 2250 ad
513 2221 594 2249 hanc
619 2219 861 2249 obstinationem.
910 2219 986 2257 Rig.

355 2274 468 2310 quotes
494 2271 577 2300 from
604 2269 740 2300 Ari-ian:
776 2269 840 2298 ὑπὸ
870 2269 987 2307 μανίας

354 2322 413 2359 μὲν
437 2321 575 2352 δύναταί
596 2331 650 2350 τις
669 2320 772 2349 οὕτως
798 2318 987 2354 διατεθῆναι

354 2371 438 2409 πρὸς
451 2372 572 2407 ταῦτα,
594 2369 648 2399 καὶ
664 2369 728 2398 ὑπὸ
740 2368 828 2398 ἔθους·
842 2367 871 2396 οὶ
887 2367 987 2397 Γαλι-

354 2420 468 2457 λαῖοι;
495 2429 515 2449 a
535 2420 684 2458 proverb,
712 2419 845 2448 Θᾶσσον
872 2416 912 2446 ἄν
934 2428 987 2447 τις

355 2471 431 2499 τοὺς
440 2469 507 2499 α’πό
515 2470 658 2498 Μωυσοῦ
668 2469 720 2498 καὶ
730 2467 880 2506 Χριστοῦ
887 2478 986 2505 μετα-

355 2518 529 2557 &affige-tem
548 2519 611 2548 and
624 2527 664 2547 an
683 2526 806 2547 answer
821 2517 857 2546 of
867 2516 986 2555 Apollo

354 2570 389 2597 to
403 2577 422 2597 a
435 2568 581 2606 question
599 2570 658 2606 put
670 2569 712 2606 by
731 2567 894 2606 Porphyry
913 2567 987 2596 how

355 2620 390 2646 to
403 2618 531 2647 reclaim
552 2618 600 2646 his
621 2617 694 2647 wife
709 2618 791 2646 from
811 2616 987 2647 Christian-

355 2666 411 2706 ity,
437 2667 577 2705 facilius
597 2667 696 2706 ipsum
720 2667 832 2697 literae
857 2666 987 2704 impres-

1054 1932 1132 1953 aera
1146 1923 1331 1953 volaturum.
1347 1922 1462 1961 Comp.
1471 1922 1555 1953 Plin.
1568 1922 1631 1961 Ep.
1646 1930 1684 1953 x.

1054 1983 1124 2003 101:
1145 1982 1241 2012 neque
1263 1972 1343 2002 enim
1364 1972 1546 2002 dubitabam
1573 1972 1684 2011 quale-

1054 2031 1171 2062 cunque
1189 2025 1266 2052 esset
1278 2022 1364 2061 quod
1370 2022 1562 2061 faterentur,
1578 2022 1685 2061 pervi-

1054 2073 1175 2102 caciam
1188 2075 1268 2102 certe
1281 2075 1310 2101 et
1322 2072 1522 2112 inflexibilem
1541 2071 1685 2102 obstina-

1053 2121 1164 2150 tionem
1178 2121 1285 2151 debere
1292 2121 1414 2159 puniri.

1111 2169 1126 2187 ⁶
1145 2171 1283 2209 Piqebat
1299 2171 1428 2200 scilicet.
1469 2171 1480 2186 ‘
1487 2169 1586 2205 Quasi
1610 2178 1684 2200 vero

1053 2228 1117 2248 non
1131 2219 1224 2248 multi
1237 2228 1296 2257 pro
1310 2219 1369 2249 deo
1383 2220 1468 2258 passi
1482 2219 1546 2249 sint
1563 2219 1618 2258 qui
1635 2219 1685 2249 his

1053 2268 1150 2298 tantis
1164 2269 1380 2306 voluptatibus
1399 2268 1527 2297 minime
1540 2268 1684 2298 abstinu-

1053 2316 1168 2348 erunt.’
1210 2318 1304 2347 Oehl.
1345 2318 1436 2347 More
1457 2318 1611 2357 probably
1633 2318 1686 2357 pn·-

1053 2367 1143 2405 9ebat
1168 2367 1195 2395 is
1216 2367 1294 2396 used
1319 2376 1354 2396 as
1380 2367 1435 2397 the
1461 2368 1628 2406 imperfect
1650 2368 1684 2397 in

1055 2416 1170 2452 Greek,
1198 2414 1254 2455 (ἦν
1280 2416 1330 2445 for
1354 2415 1501 2454 ἤμελλεν
1522 2407 1696 2456 ἔσεσθαι).

1053 2468 1063 2483 ‘
1073 2467 1090 2495 1
1103 2475 1240 2505 suppose
1254 2466 1324 2495 that
1334 2466 1542 2496 continuance
1555 2466 1587 2495 in
1598 2467 1685 2505 plea-

1053 2526 1141 2546 sures
1153 2526 1188 2545 so
1201 2519 1293 2554 great
1303 2525 1337 2546 as
1350 2516 1449 2553 these,
1459 2525 1543 2546 were
1557 2517 1684 2556 enough

1052 2568 1087 2596 to
1101 2566 1193 2595 make
1207 2574 1278 2595 rnen
1294 2566 1372 2595 slow
1385 2568 1419 2595 to
1434 2565 1484 2595 die
1497 2566 1548 2594 for
1562 2565 1658 2596 God.'

1112 2615 1125 2635 ⁷
1145 2618 1240 2645 tantoe
1247 2615 1412 2645 obstinatio
1422 2615 1604 2654 disciplina,
1613 2616 1623 2631 ‘
1629 2614 1684 2645 the

1051 2665 1226 2696 resolution
1239 2664 1415 2704 belonging
1434 2667 1469 2695 to
1490 2673 1524 2694 so
1543 2673 1644 2704 grave
1664 2673 1684 2694 ι
