1812 2956
161 345 199 376 C.
215 345 310 376 XIV.

354 197 412 241 ς88
707 200 1137 240 TERTULLIANI'
1157 200 1334 238 LIBER

353 334 465 381 tate,
491 346 550 373 an
573 329 874 378 humanitate,
899 343 958 371 an
980 327 1252 383 integritate
1266 327 1290 370 P
1352 325 1555 370 Proinde
1584 339 1691 369 cum

135 426 219 452 1001».
233 427 267 452 ix.
281 425 317 451 22.
353 407 479 457 dicit,
509 406 733 450 Omnibus
765 404 919 448 omnia
951 405 1104 447 factus
1139 418 1252 454 sum,
1283 406 1337 446 ut
1367 417 1526 446 omnes
1555 402 1691 446 lucri-

135 803 149 827 1
163 802 220 828 Corv
234 809 257 827 v.
271 803 307 828 10.

351 484 531 533 faciam,
567 482 793 537 numquid
825 481 1082 525 idololatris
1118 480 1386 524 idololatres
1401 479 1424 522 ?
1466 478 1691 534 numquid

352 560 547 603 ethnicis
572 558 783 603 ethnicus
798 558 821 600 P
854 556 1079 612 numquid
1107 555 1399 599 saecularibus
1423 554 1691 599 saecularis?

354 636 447 680 Sed
477 636 564 679 etsi
594 650 689 678 non
718 634 934 691 prohibet
961 648 1046 676 nos
1082 632 1342 676 conversari
1373 647 1479 675 cum
1502 630 1692 675 idolola-

351 713 435 755 tris
465 716 514 755 et
541 711 762 754 adulteris
794 714 844 754 et
873 710 1042 753 ceteris
1066 709 1333 759 criminosis,
1359 708 1530 758 dicens,
1557 708 1692 751 Cete-

351 804 455 831 rum
492 789 551 832 de
588 788 762 830 mundo
800 786 1003 837 exiretis,
1044 800 1138 829 non
1175 785 1337 839 utique
1375 799 1453 828 eas
1490 784 1692 829 habenas

353 865 711 910 conversationis
745 865 995 914 immutatG,
1037 866 1103 913 ut,
1141 862 1356 917 quoniam
1394 875 1585 906 necesse
1619 865 1692 905 est

354 948 402 987 et
432 943 673 987 convivere
702 956 787 984 nos
819 945 868 984 et
899 939 1188 984 commisceri
1219 954 1325 983 cum
1353 938 1689 995 peccatoribus,

352 1021 478 1063 idem
502 1023 550 1063 et
565 1032 864 1074 compeccare
884 1017 1121 1073 possimus.
1162 1016 1257 1059 Ubi
1275 1019 1347 1059 est
1362 1016 1691 1062 commercium

352 1099 471 1148 vitae,
508 1097 634 1152 quod
667 1095 902 1152 apostolus
938 1093 1166 1144 concedit,
1202 1094 1267 1136 ibi
1300 1091 1532 1149 peccare'7,
1565 1092 1691 1148 quod

352 1189 489 1218 nemo
537 1173 778 1229 permittit.
847 1172 984 1214 Licet
1028 1170 1269 1214 convivere
1316 1184 1423 1213 cum
1480 1169 1690 1220 ethnicis,

353 1252 575 1296 commori
617 1266 711 1293 non
753 1250 876 1294 licet.
948 1249 1251 1292 Convivamus
1297 1262 1404 1291 cum
1450 1247 1690 1299 omnibus;

354 1329 638 1372 collaetemur
672 1342 732 1370 ex
766 1326 1088 1371 communione
1119 1329 1310 1376 naturae,
1345 1340 1439 1369 non
1474 1326 1691 1381 supersti-

574 1406 717 1448 Pares
754 1405 906 1447 anima
943 1418 1110 1454 sumus,
1146 1417 1239 1446 non
1278 1402 1528 1458 disciplina,
1568 1416 1691 1445 com-

352 1498 638 1541 possessores
683 1482 855 1532 mundi,
902 1496 995 1524 non
1041 1480 1220 1524 erroris.
1292 1479 1431 1531 Quod
1477 1479 1515 1522 si
1557 1478 1689 1522 nobis

354 1560 530 1604 nullum
571 1560 650 1615 jus
694 1562 767 1602 est
810 1557 1141 1601 communionis
1186 1556 1234 1598 in
1279 1556 1540 1612 hujusmodi
1584 1568 1690 1599 cum

352 1406 504 1449 tionis.

355 1637 600 1686 extraneis,
637 1639 810 1690 quanto
842 1634 1079 1677 scelestius
1114 1633 1212 1676 haec
1247 1634 1369 1676 inter
1402 1634 1570 1676 fratres
1599 1633 1689 1676 fre-

356 1716 591 1769 quentare.
647 1711 762 1763 Quis
779 1711 867 1754 hoc
887 1711 1112 1753 sustinere
1134 1713 1215 1752 aut
1234 1709 1484 1752 defendere
1502 1707 1689 1765 potest?

353 1791 386 1833 J
387 1790 530 1833 udaeis
559 1789 657 1832 dies
682 1802 788 1831 suos
811 1787 956 1830 festos
981 1787 1232 1843 exprobrat
1258 1786 1452 1842 Spiritus
1478 1786 1686 1829 Sanctus.

413 1906 427 1924 ⁶
446 1907 599 1942 immutat,
614 1907 623 1922 ‘
633 1906 737 1935 There
750 1905 777 1934 is
791 1914 832 1934 no
847 1905 924 1935 such
938 1904 988 1934 in-

352 1958 477 1987 version
504 1957 539 1986 of
559 1958 615 1986 the
639 1956 718 1985 laws
743 1956 779 1985 of
799 1954 988 1993 discipline.'

352 2007 400 2037 La
416 2007 531 2043 Cerda,
544 2006 690 2036 immittit.
733 2005 785 2035 He
798 2005 824 2034 is
838 2004 988 2034 followed

348 2058 394 2097 >by
411 2057 504 2087 Oehl.
520 2057 593 2086 who
614 2058 757 2094 suspects
779 2055 834 2084 the
854 2054 989 2094 reading

353 2109 388 2137 to
412 2107 491 2136 have
511 2107 592 2135 been
617 2105 760 2143 imputat.
801 2104 935 2133 Neither
954 2103 992 2133 of

352 2157 443 2187 these
458 2156 596 2193 changes
610 2154 637 2183 is
651 2162 826 2192 necessary.

411 2204 424 2225 ⁷
439 2212 633 2244 peccare‚sc.
646 2203 814 2241 possimus.
831 2200 985 2240 Cod.Ag.

349 2256 407 2285 ubi
428 2253 566 2285 est...ibz'.
604 2253 732 2291 Gangn.
759 2252 813 2281 ubi
834 2250 986 2280 est...sz'b2‘.

355 2306 427 2336 Gel.
444 2305 507 2334 and
522 2303 640 2333 Pamel.
661 2302 706 2331 ibi
724 2301 869 2337 est...lzic‚
883 2300 987 2330 which

353 2355 444 2385 looks
457 2355 521 2384 like
532 2364 551 2383 a
564 2352 752 2383 correction.
793 2350 868 2390 Rig.
885 2350 930 2379 ibi
943 2353 988 2380 est

355 2405 447 2434 ...ibi.

412 2454 426 2472 ⁸
445 2454 578 2484 sabbata
591 2455 741 2482 extranea
753 2454 833 2481 sunt.
871 2450 988 2488 Comp.

353 2505 438 2534 Just.
454 2504 502 2532 M.
517 2502 657 2541 Trypho,
671 2510 703 2540 p.
717 2509 773 2539 237
783 2508 826 2538 A.,
838 2509 869 2538 p.
882 2502 937 2537 238
945 2507 986 2536 A„

351 2563 386 2592 p.
404 2563 459 2591 240
478 2562 522 2590 13„
542 2562 573 2591 p.
590 2560 645 2590 245
661 2561 696 2582 B.
737 2552 776 2580 In
801 2551 857 2580 the
880 2550 987 2579 Greek

353 2605 469 2641 Apost.
486 2601 623 2632 Constit.
638 2600 717 2639 (vn.
738 2599 792 2637 23)
809 2598 987 2629 Christiane

346 2661 406 2681 ‚are
427 2650 574 2689 enjoined
596 2653 631 2680 to
658 2650 741 2687 keep
767 2649 823 2678 the
845 2647 986 2678 Sabbath

350 2701 415 2731 and
434 2701 490 2730 the
506 2699 617 2730 Lord's
634 2699 706 2738 Day
727 2698 876 2729 Festival.
913 2696 985 2727 The

1055 1904 1130 1943 only
1145 1903 1286 1934 Sabbath
1299 1903 1332 1933 in
1351 1903 1406 1933 the
1418 1912 1493 1943 year
1506 1905 1541 1933 to
1554 1902 1596 1932 be
1609 1902 1689 1941 kept

1055 1963 1090 1984 as
1110 1963 1130 1983 a
1150 1954 1214 1983 fast
1235 1953 1332 1992 being
1354 1953 1425 1982 that
1447 1953 1483 1982 of
1502 1952 1558 1982 the
1577 1951 1689 1982 Lord’s

1054 2004 1169 2034 burial.
1211 2003 1271 2033 See
1285 2002 1444 2033 Bunsen's
1460 2002 1593 2042 Hippol.
1613 2002 1689 2033 Vol.

1054 2062 1108 2084 111.
1123 2063 1155 2092 p.
1172 2057 1208 2092 76
1222 2054 1286 2083 and
1299 2062 1332 2092 p.
1347 2062 1395 2091 94.

1114 2102 1128 2121 ⁹
1149 2103 1348 2139 Saturnalia,
1361 2101 1539 2138 Januaria,
1550 2101 1687 2132 Brumae.

1056 2153 1115 2183 See
1129 2154 1238 2189 above,
1252 2162 1280 2183 c.
1296 2162 1341 2182 10.

1115 2203 1141 2221 ¹⁰
1160 2203 1359 2238 matronales,
1376 2201 1450 2231 held
1470 2210 1511 2231 on
1532 2202 1587 2231 the
1608 2201 1684 2231 Kal.

1054 2252 1151 2282 Mart.
1167 2252 1200 2281 in
1220 2261 1361 2291 memory
1376 2252 1412 2281 of
1427 2252 1483 2281 the
1503 2251 1686 2281 reconcilia-

1052 2302 1121 2331 tion
1143 2302 1277 2331 effected
1301 2302 1446 2331 between
1469 2301 1525 2330 the
1544 2300 1686 2330 Romans

1040 2351 1117 2381 'and
1144 2351 1275 2380 Sabines
1302 2351 1343 2389 by
1369 2350 1425 2380 the
1452 2350 1549 2380 wives
1576 2350 1612 2379 of
1630 2350 1687 2380 the

1051 2401 1180 2430 former.
1225 2401 1285 2430 Ov.
1297 2400 1383 2430 Fast.
1401 2408 1454 2430 111.
1469 2408 1535 2438 170,
1548 2399 1619 2430 foll.

1114 2450 1137 2467 ¹¹
1152 2453 1259 2479 strenae
1269 2453 1444 2479 consonant.
1468 2449 1563 2479 Oehl.
1572 2449 1687 2487 adopts

1052 2508 1072 2529 a
1083 2502 1212 2537 strange
1224 2499 1449 2537 punctuation:
1469 2506 1598 2530 munera
1607 2507 1687 2528 oom-

1051 2549 1162 2582 meant,
1175 2549 1295 2582 strenae,
1315 2548 1483 2575 consonant
1504 2545 1599 2582 lusus,
1613 2553 1685 2575 con-

1051 2595 1138 2624 vivia
1151 2597 1355 2632 constrepunt.
1381 2593 1522 2631 Scaliger
1534 2593 1597 2623 had
1611 2602 1685 2632 pro-

1051 2645 1150 2684 posed
1165 2653 1206 2675 on
1221 2644 1353 2683 conject.
1365 2646 1394 2674 et
1406 2647 1526 2674 strenae.
