1812 2956
341 221 396 261 22
703 227 1107 264 TERTULLIANI
1138 220 1311 264 LIBFssR

143 365 242 397 CAP.
259 366 304 397 X.
342 355 527 398 lascivia
562 355 880 411 providebant,
905 359 958 399 ut
979 357 1079 412 jam
1110 357 1217 401 hinc
1249 357 1445 402 ethnicis
1472 359 1520 402 in
1542 359 1673 403 testi-

344 431 551 474 monium
573 432 711 475 cedat
738 432 969 475 sententia
997 433 1201 489 ipsorum
1237 435 1475 479 nobiscum
1498 435 1674 480 faciens

346 513 396 552 et
429 509 562 552 nobis
597 509 646 551 in
681 510 1094 566 exaggerationem
1133 511 1381 568 disciplinae
1420 513 1562 556 etiam
1594 512 1676 556 hu-

345 601 490 628 manae
511 572 847 643 prerogativae
894 588 1060 642 Itaque
1084 588 1333 644 Pompeius
1355 589 1555 646 Magnus
1579 589 1676 633 solo

345 663 534 707 theatro
558 678 641 707 suo
663 663 828 715 minor,
851 678 958 708 cum
981 665 1106 707 illam
1130 680 1284 709 arcem
1308 666 1513 709 omnium
1536 665 1679 723 turpi-

345 740 559 783 tudinum
594 740 912 794 exstruxisset,
936 742 1109 785 veritus
1141 742 1416 800 quandoque
1449 742 1679 787 memoriae

347 831 438 860 suae
478 817 735 860 censoriam
777 817 1260 870 animadversionem⁷‚
1295 819 1492 863 Veneris
1533 819 1680 863 aedem

349 895 677 950 superposuitss,
711 898 761 938 et
794 895 856 937 ad
892 895 1236 939 dedicationem
1270 896 1426 940 edicto
1461 896 1681 953 populum

347 985 529 1021 vocans,
569 985 662 1014 non
696 971 932 1015 theatrum
964 972 1047 1015 sed
1075 972 1272 1016 Veneris
1312 973 1536 1030 templum
1569 987 1682 1016 nun-

350 1048 547 1103 cupavit,
586 1048 673 1090 Cui
709 1048 998 1104 subjecimus,
1035 1048 1186 1103 inquit
1230 1050 1402 1105 gradus
1444 1052 1682 1106 spectacu-

352 1123 513 1168 lorum.
560 1125 636 1167 Ita
667 1125 940 1168 damnatum
975 1129 1024 1169 et
1049 1126 1360 1169 damnandum
1384 1140 1499 1182 opus
1521 1125 1684 1182 templi

348 1201 487 1245 titulo
512 1202 725 1258 praetexit
759 1205 809 1246 ct
830 1202 1117 1258 disciplinam
1149 1203 1475 1259 superstitione
1499 1201 1682 1246 delusit.

352 1277 446 1321 Sed
469 1278 643 1321 Veneri
667 1281 716 1321 et
739 1278 912 1321 Libero
934 1278 1162 1322 convenit.
1209 1279 1319 1322 Duo
1343 1279 1433 1322 ista
1456 1278 1684 1322 daemonia

351 1355 614 1411 conspirata
637 1358 686 1398 et
709 1355 949 1411 conjurata
984 1356 1108 1398 inter
1142 1370 1191 1399 se
1223 1359 1331 1399 sunt
1363 1355 1601 1399 ebrietatis
1635 1358 1684 1399 et

349 1431 564 1474 libidinis.
627 1432 794 1486 Itaque
820 1431 1054 1475 theatrum
1077 1432 1276 1476 Veneris
1305 1432 1466 1475 Liberi
1502 1446 1684 1487 quoque

353 1508 516 1551 domus
541 1512 625 1552 est.
694 1509 819 1551 Nam
843 1513 892 1552 et
919 1508 1033 1552 alios
1065 1509 1199 1552 ludos
1223 1509 1430 1552 scenicos
1453 1508 1685 1552 Liberalia

352 1585 537 1641 proprie
555 1585 795 1634 vocabant,
814 1588 1122 1640 praeterquam
1139 1585 1312 1628 Libero
1330 1585 1522 1628 devotos
1543 1583 1687 1639 (quod

354 1666 462 1704 sunt
482 1661 709 1722 Dionysia
731 1675 874 1716 penes
911 1660 1117 1716 Graecos)
1142 1661 1283 1705 etiam
1306 1676 1335 1703 a
1356 1661 1529 1704 Libero
1557 1660 1686 1704 insti-

400 1794 426 1814 ’6
445 1798 479 1826 ut
498 1795 570 1832 J'am
590 1795 699 1825 hinc...
730 1795 790 1825 ‘So
811 1795 883 1825 that
903 1795 986 1824 from
1047 1804 1166 1834 perque
1179 1795 1311 1825 mediam
1324 1804 1450 1825 caveam
1462 1795 1635 1826 sedentibus
1647 1804 1687 1826 ac

353 1847 453 1876 hence
483 1845 539 1874 the
566 1845 712 1875 Gentiles
738 1853 792 1874 are
823 1844 987 1874 furnished
1051 1845 1212 1875 silentibus
1224 1845 1342 1875 cunetis
1355 1845 1567 1875 descendisset.

353 1895 432 1925 with
446 1895 616 1933 testimony
630 1895 711 1923 from
729 1894 785 1923 the
804 1893 933 1932 opinion
955 1894 991 1923 of

352 1957 426 1977 men
449 1946 485 1976 of
503 1945 586 1975 their
612 1952 686 1974 own
713 1943 818 1983 siding
841 1944 919 1973 with
940 1953 988 1980 us,

351 1998 415 2027 and
437 2006 486 2026 we
507 1996 586 2026 with
610 2003 652 2024 an
675 1996 846 2032 argument
866 1994 917 2023 for
938 1993 987 2022 in-

353 2047 482 2077 creased
498 2046 661 2075 strietness
682 2045 723 2082 by
741 2044 795 2073 the
817 2044 990 2082 precedent

353 2098 389 2126 of
400 2105 485 2125 mere
499 2096 618 2124 human
635 2092 835 2132 regulation.’

414 2145 427 2165 ⁷
447 2142 754 2174 animadversionem.
773 2141 866 2171 Oehl.
876 2144 990 2180 quotes

356 2196 432 2225 Tac.
443 2195 611 2224 Ann.xw.
628 2202 678 2224 20:
700 2192 822 2230 Quippe
831 2195 922 2221 erant
935 2192 990 2230 qui

358 2245 486 2275 Cneium
507 2251 628 2282 quoque
653 2242 838 2279 Pompeium
863 2241 989 2270 incusa-

355 2298 419 2324 tum
426 2303 447 2323 a
458 2291 632 2323 senioribus
635 2291 761 2330 ferrent
769 2290 854 2329 quod
862 2299 988 2319 mansu-

355 2354 426 2375 ram
439 2343 556 2373 theatri
567 2342 668 2372 sedem
675 2341 840 2380 posuisset.

416 2393 430 2411 ⁸
449 2391 656 2431 superposuit.
719 2390 838 2420 Oehler
876 2390 989 2427 quotes

357 2444 489 2473 Sueton.
512 2442 624 2471 Claud.
641 2451 667 2471 c.
686 2450 719 2471 21
735 2450 744 2470 ι
773 2439 882 2469 Ludos
902 2437 990 2467 dedi-

357 2492 491 2522 cationis
528 2491 644 2520 theatri
672 2489 873 2528 Pompeiani,
906 2486 992 2526 quod

355 2543 526 2571 ambustum
539 2541 728 2575 restituerat,
741 2548 756 2568 e
769 2537 921 2568 tribunali
929 2545 989 2575 po-

355 2591 416 2620 sito
425 2591 458 2619 in
472 2590 633 2619 orchestra
646 2589 805 2625 commisit,
819 2597 886 2618 cum
898 2587 990 2625 prius

357 2639 445 2678 apud
465 2640 642 2678 superiores
668 2638 749 2668 aedes
774 2637 988 2676 supplicasset,

1112 1894 1127 1912 ⁹
1146 1895 1288 1933 emporis
1304 1895 1412 1934 fluxu.
1454 1895 1488 1924 S.
1517 1894 1614 1933 Cypr.
1635 1893 1687 1923 De

1055 1944 1163 1982 Spect.
1183 1953 1216 1983 p.
1233 1954 1301 1982 340,
1322 1943 1426 1973 Homo
1437 1944 1570 1983 fluctus
1589 1942 1687 1973 omni-

1055 1993 1110 2023 bus
1134 1994 1276 2023 membris
1296 1996 1326 2024 et
1349 1993 1382 2022 in
1401 1993 1489 2023 ultra
1511 1992 1688 2022 muliebrem

1055 2043 1213 2073 mollitiem
1229 2043 1406 2072 dissolutus.
1441 2043 1564 2072 Arnob.
1582 2050 1630 2071 vt.
1651 2051 1685 2080 p.

1057 2101 1124 2131 197,
1141 2093 1237 2122 Liber
1253 2093 1395 2123 membris
1413 2102 1482 2122 cum
1499 2091 1643 2122 mollibus
1659 2094 1689 2122 et

1056 2143 1189 2181 liquoris
1193 2142 1336 2180 foeminei
1344 2142 1598 2171 dissolutissimus
1604 2141 1688 2171 laxi-

1056 2195 1128 2221 tate.
1143 2192 1296 2221 Prudent.
1307 2191 1452 2221 Hamart.
1467 2199 1535 2228 252,
1549 2194 1585 2220 ut
1586 2192 1687 2230 fluxa

1057 2242 1201 2279 voluptas
1214 2240 1361 2280 Dffuet.
1381 2240 1483 2278 Apul.
1498 2240 1576 2270 Met.
1590 2248 1641 2270 11.
1657 2242 1687 2277 8,

1056 2290 1176 2320 incessu
1179 2290 1305 2327 perfluo
1304 2289 1470 2327 soeminam
1475 2289 1688 2321 mentiebatur.

1056 2339 1155 2377 Apul.
1181 2339 1261 2368 Met.
1284 2347 1307 2368 1.
1331 2347 1360 2375 4,
1382 2347 1464 2377 puer
1480 2339 1514 2368 in
1529 2339 1687 2369 mollitiem
1720 2338 1725 2345 ’

1057 2388 1196 2418 decorus.

1117 2437 1143 2455 ¹⁰
1162 2437 1336 2466 mollitiam.
1364 2436 1445 2467 Cod.
1459 2436 1526 2475 Ag.
1538 2437 1600 2466 and
1610 2436 1691 2476 Rig.

1055 2486 1196 2516 mollitioe
1215 2485 1338 2515 Veneris
1351 2489 1380 2515 et
1391 2486 1510 2515 Liberi.
1547 2486 1618 2516 The
1631 2487 1688 2516 da.-

1056 2537 1135 2566 tives
1148 2536 1209 2572 illi,
1222 2536 1272 2565 illi
1286 2544 1370 2564 seem
1385 2539 1419 2565 to
1434 2544 1531 2574 prove
1544 2536 1600 2566 the
1618 2545 1688 2566 cor-

1055 2589 1196 2616 rectness
1210 2586 1245 2614 of
1257 2586 1311 2614 the
1327 2588 1403 2615 text.

1117 2634 1141 2653 ¹¹
1163 2634 1331 2672 immolant,
1346 2635 1507 2665 ‘dedicate
1529 2644 1563 2665 as
1581 2645 1622 2665 an
1641 2633 1690 2666 of-
