1812 2956
473 195 561 232 DE
601 194 1037 233 SPEOTAGULIS.
1077 196 1079 198 ’
1389 189 1444 231 39

94 324 368 383 voluptatis¹
392 324 670 376 obtendunt,
685 324 859 368 nullam
880 325 979 382 ejus
1002 323 1297 367 abstinentiae
1320 338 1447 366 men·
1467 333 1567 365 CAP.
1582 332 1664 363 xx.

95 403 274 448 tionem
308 402 572 460 specialiter
594 402 668 446 vel
702 402 914 446 localiter
935 402 985 445 in
1018 401 1269 459 Scripturis
1293 402 1446 444 deter-

95 479 274 531 minari,
301 494 405 535 quae
440 479 623 523 directo
660 479 908 536 prohibeat
944 479 1173 536 ejusmodi
1207 478 1444 523 conventi-

95 558 184 603 bus
206 558 432 602 interesse
457 571 640 601 servum
663 557 769 601 Dei.
840 556 1024 601 Novam
1051 557 1263 614 proxime
1288 556 1447 600 defen·
1464 573 1651 629 3ξῇἷῖἒῇ

97 636 276 681 sionem
321 635 590 680 suaviludii²
630 635 870 692 cujusdam
907 634 1078 679 audivi.
1151 635 1243 686 Sol,
1281 634 1445 690 inquit,
1465 633 1644 695 gfflgj’egflu

96 712 240 759 immo
274 711 418 755 etiam
444 711 544 768 ipse
575 712 707 756 Deus
745 712 804 754 de
842 711 957 755 coelo
995 714 1179 769 spectat
1213 725 1301 755 nec
1339 725 1447 754 con-
1464 696 1667 785 {iifffiffissssa

97 789 363 834 taminatur.
435 790 557 834 Sane
603 789 673 833 sol
718 792 768 833 et
813 789 862 832 in
899 789 1106 833 cloacam
1141 788 1306 832 radios·
1338 802 1446 832 suos
1464 786 1625 813 ΜΗΘ·

98 866 267 919 defert,
291 881 380 911 nec
403 866 684 922 inquinatur.
739 866 936 910 Utinam
971 870 1130 910 autem
1153 866 1286 909 Deus
1320 865 1447 908 nulla

97 943 276 1001 flagitia
296 943 536 988 hominum
559 946 807 1001 spectaret,
831 946 886 986 ut
913 957 1074 987 omnes
1090 942 1321 1000 judicium
1345 957 1447 986 eva-

98 1020 327 1066 deremus.
380 1020 476 1066 Sed
498 1024 682 1078 spectat
705 1024 755 1064 et
777 1020 1033 1072 latrocinia,
1053 1024 1236 1078 spectat
1259 1024 1310 1065 et
1331 1020 1448 1065 falsa

98 1102 150 1144 et
179 1098 410 1143 adulteria
433 1101 484 1143 et
504 1098 694 1142 fraudes
718 1102 768 1143 et
790 1098 1078 1143 idololatrias
1103 1103 1153 1143 et
1181 1098 1448 1156 spectacula

97 1175 210 1234 ipsa.
274 1176 460 1221 Idcirco
484 1191 598 1233 ergo
621 1191 706 1220 nos
729 1191 824 1220 non
859 1177 1185 1234 spectabimus,
1210 1191 1270 1220 ne
1294 1176 1448 1220 videa-

98 1268 204 1298 mur
237 1254 297 1298 ab
327 1253 408 1299 illo
440 1254 520 1310 qui
551 1254 707 1298 omnia
734 1258 928 1311 spectat.
995 1255 1260 1311 Comparas‚
1292 1254 1445 1304 homo,

98 1346 233 1376 reum
256 1335 306 1376 et
319 1332 557 1390 judicem:
593 1346 738 1383 reum,
758 1332 849 1387 qui,
870 1332 979 1388 quia
1001 1332 1199 1383 videtur,
1218 1346 1325 1376 reus
1349 1335 1448 1375 est:

91 1409 316 1466 judicem,
341 1410 434 1466 qui,
459 1410 568 1465 quia
589 1409 732 1461 videt,
749 1410 901 1467 judex
925 1414 1009 1454 est.
1067 1410 1311 1465 Numquid
1334 1424 1448 1467 ergo

100 1490 151 1531 et
173 1490 310 1531 extra
332 1487 504 1532 limites
530 1487 654 1531 Circi
676 1487 824 1531 furori
844 1488 1098 1539 studemus,
1119 1492 1168 1531 et
1192 1492 1328 1531 extra
1352 1503 1449 1532 car-

99 1564 233 1609 dines
259 1565 433 1609 theatri
458 1565 762 1623 impudicitiae
794 1565 1092 1616 intendimus,
1118 1568 1168 1609 et
1190 1565 1449 1609 insolentiae

99 1645 237 1687 extra
267 1642 481 1694 stadium,
506 1646 558 1687 et
584 1642 980 1687 immisericordiae
1004 1647 1140 1687 extra
1163 1643 1448 1700 amphithea-

98 1722 238 1771 trum,
263 1719 390 1775 quod
411 1720 544 1764 Deus
572 1721 716 1764 etiam
739 1724 876 1764 extra
899 1735 1106 1764 cameras
1130 1724 1180 1764 et
1202 1720 1376 1777 gradus
1400 1724 1450 1763 et

100 1797 301 1856 apulias³
342 1797 502 1843 oculos
548 1798 692 1842 habet
706 1798 730 1842 ?
805 1799 1039 1842 Erramus.
1074 1844 1081 1850 ς
1114 1798 1360 1854 Nusquam
1401 1802 1451 1841 ct

100 1949 212 1980 rather
229 1949 320 1980 leave
338 1957 392 1987 my
408 1947 532 1988 subject
546 1947 742 1987 incomplete

101 2000 182 2031 than
194 1999 292 2040 bring
300 1999 389 2030 them
402 2002 438 2030 to
452 2008 505 2039 my
514 1998 743 2029 recollection!

103 2049 284 2081 Tel-tullian
305 2049 381 2087 had,
398 2049 426 2080 it
445 2058 558 2086 seems,
571 2049 682 2079 before
701 2049 742 2079 he

101 2109 170 2131 was
189 2109 210 2130 a.
225 2099 399 2138 christian,
420 2100 502 2130 been
522 2109 543 2130 a
561 2100 743 2139 passionato

101 2149 192 2180 lover
205 2149 243 2180 of
252 2149 344 2180 these
357 2149 474 2180 shows.

165 2200 228 2230 Ch.
243 2199 327 2230 XX.
369 2198 380 2217 ¹
402 2209 465 2239 quo
486 2199 554 2230 sine
580 2199 740 2230 dubia...

101 2251 114 2269 ‘
121 2249 194 2280 who
199 2249 340 2280 without
345 2249 447 2280 doubt
454 2259 509 2280 are
514 2250 662 2289 glossing
668 2259 744 2280 over

102 2299 188 2331 their
201 2299 391 2340 disposition
408 2303 445 2331 to
462 2303 539 2331 turn
556 2300 643 2331 aeide
660 2301 743 2331 from

103 2349 161 2381 the
173 2349 263 2391 right
275 2350 355 2390 path
368 2350 402 2380 in
416 2350 568 2391 courting
578 2351 746 2390 pleasurc.’

106 2399 187 2432 cod.
217 2400 283 2440 Ag.
312 2400 466 2431 followed
498 2401 540 2441 by
568 2401 647 2440 Rig.
680 2401 745 2431 and

106 2449 202 2481 Oehl.
228 2450 484 2490 tergiversatione
498 2451 676 2482 amittendoe
689 2460 744 2481 vo-

104 2499 247 2539 luptatis.
295 2500 528 2539 Terqivmatio
557 2501 691 2538 admits„
717 2501 745 2531 is

104 2549 175 2580 ‘tho
185 2549 356 2580 bmkward
367 2552 439 2589 step
449 2550 486 2580 of
496 2551 647 2590 courting
656 2551 746 2590 plea-

104 2599 200 2630 ιιιτοῖ
219 2599 397 2637 obtendunt,
405 2599 504 2630 ‘veih'
528 2600 596 2631 cie.
606 2600 647 2636 Q.
656 2600 745 2632 Frat.

105 2657 131 2680 1.
147 2658 176 2686 1,
194 2657 232 2687 52
251 2649 357 2679 multis
378 2649 612 2680 simulationum
625 2650 747 2681 involu-

105 2699 170 2730 cris
180 2699 307 2739 ἱερέων,
318 2702 347 2729 et
360 2700 454 2739 quaet
467 2700 545 2731 velis
558 2701 746 2740 quibusdam

811 1947 990 1979 obtenditur
1003 1949 1151 1989 cujusque
1164 1953 1293 1980 natura.

872 1999 886 2018 ²
904 2000 1091 2033 suaviludii.
1124 2001 1176 2030 De
1188 2001 1269 2031 Cor.
1284 2010 1313 2032 c.
1327 2002 1356 2031 6.

873 2048 888 2068 ⁸
907 2059 1061 2087 cameras,
1086 2050 1219 2089 qradus,
1246 2050 1376 2090 apulias
1386 2072 1394 2081 .
1405 2072 1413 2081 .
1424 2073 1432 2082 .
1443 2073 1452 2083 .

813 2109 944 2131 cameroe
957 2109 1011 2130 are
1025 2100 1080 2130 the
1094 2105 1179 2131 seats
1192 2101 1226 2130 in
1241 2101 1296 2131 the
1310 2101 1453 2140 porticos

813 2151 914 2181 above
924 2151 979 2181 the
992 2150 1124 2190 qradus,
1134 2151 1189 2181 the
1199 2160 1283 2181 rows
1292 2151 1328 2181 of
1335 2151 1453 2181 bench-

813 2211 858 2231 es.
889 2201 977 2240 Lips.
992 2202 1046 2240 (de
1057 2202 1178 2241 Amph.
1188 2211 1215 2232 c.
1227 2202 1276 2241 13)
1291 2202 1453 2232 coufesses

814 2251 886 2281 that
899 2251 940 2281 he
954 2253 1073 2281 cannot
1087 2251 1311 2290 satisfactorily
1324 2251 1453 2290 explain

814 2301 959 2341 apuliam
975 2302 1131 2340 probably
1141 2302 1215 2340 they
1224 2310 1278 2331 are
1288 2302 1297 2317 ‘
1305 2301 1455 2331 curtains‘

814 2351 894 2381 used
907 2354 942 2381 to
957 2351 1160 2381 exclude.the
1174 2351 1259 2381 heat.
1282 2351 1380 2381 Mart.
1389 2351 1452 2390 Ep.

814 2409 890 2431 xxv.
907 2408 982 2439 155:
1006 2401 1176 2431 Velleribus
1190 2401 1309 2440 primis
1321 2401 1456 2440 Apulia,

815 2452 921 2482 Roma
934 2451 1077 2482 secundis
1089 2451 1205 2482 nolitis.
1252 2451 1337 2483 Plin.
1352 2451 1394 2481 N.
1411 2451 1454 2482 H.

815 2510 894 2532 vm.
915 2510 963 2541 73,
987 2501 1083 2531 Lana
1108 2504 1211 2531 autem
1233 2501 1458 2532 laudatissima

815 2551 1045 2591 Apula,where
1052 2551 1198 2581 Harduin
1207 2554 1321 2590 quotes
1329 2551 1455 2582 Colum.
1464 2568 1469 2573 -

816 2611 878 2632 vn.
893 2612 924 2634 2:
950 2600 1083 2631 Generis
1096 2602 1204 2631 eximii
1214 2601 1374 2639 Milesias,
1392 2601 1457 2632 Ca-

816 2652 948 2690 latoras,
958 2652 1142 2692 Apulasque
1151 2652 1252 2683 nostri
1264 2652 1455 2684 existimant.
