1812 2956
430 187 519 224 DE
559 185 806 224 CORONA
843 185 1105 224 MILITIS.
1359 181 1444 224 123

0 380 4 382 -
98 318 286 377 Δῑῇἱοίο
319 333 465 363 unum
507 318 663 363 adhuc
703 318 984 376 exemplum,
1026 322 1256 375 quatenus
1294 322 1345 363 et
1384 319 1445 363 de
1473 329 1574 361 CAP.
1601 328 1662 358 1v.

0 386 20 441 ἒ
97 397 334 443 veteribus
374 397 548 442 docere
594 397 853 441 conveniet.
922 396 1066 454 Apud
1111 397 1144 441 J
1145 397 1304 441 udaeos
1347 401 1447 442 tam

0 484 16 535 [f
98 473 323 522 sollemne
341 478 416 520 est
436 475 623 519 feminis
647 489 810 519 eorum
828 474 1039 519 velamen
1062 475 1242 532 capitis,
1260 477 1316 518 ut
1336 475 1448 519 inde

0 547 4 549 ’
98 554 364 596 noscantur.
451 551 622 603 Quaero
662 550 832 607 legem.
915 551 1196 608 Apostolum
1243 551 1447 596 differo¹.

100 628 154 674 Si
188 628 408 673 Rebecca
445 632 700 685 conspecto
730 628 894 685 procul
931 643 1102 685 sponso
1131 628 1344 673 velamen
1382 629 1449 672 in-
1466 639 1665 667 Gen-nime&

99 706 232 757 vasit,
257 706 464 764 privatus
484 706 636 763 pudor
656 706 811 763 legem
835 706 993 751 facere
1014 721 1109 751 non
1131 706 1299 763 potuit.
1348 706 1450 750 Aut

101 797 254 828 eausae
276 797 373 828 suae
392 783 610 827 fecerit':
645 786 870 840 tegantur
891 783 1095 840 virgines
1129 783 1253 835 solae‚
1278 787 1329 828 et
1359 784 1450 828 hoc

101 863 301 918 nuptum
322 861 577 911 venientes,
600 874 690 904 nee
713 864 965 916 antequam
988 861 1452 918 cognoverint'spon-

100 951 191 982 sos.
249 937 300 982 Si
322 941 373 982 et
395 937 605 982 Susanna
626 937 676 980 in
689 937 872 994 judicio
894 937 1101 982 revelata
1123 942 1452 995 argumentum
1469 955 1567 982 susan.
1581 955 1618 980 32.

100 1014 286 1060 velandi
318 1018 522 1072 praestat,
557 1029 748 1072 possum
791 1014 963 1067 dicere,
1006 1015 1072 1059 Et
1115 1015 1193 1060 hie
1238 1016 1452 1060 velamen

100 1092 283 1137 arbitrii
311 1092 416 1137 fuit.
460 1091 463 1093 ’
486 1093 588 1137 Rea
618 1096 824 1143 venerat,
859 1093 1140 1138 erubescens
1170 1094 1231 1138 de
1261 1094 1454 1138 infamia

100 1185 197 1222 sua,
231 1171 402 1215 merito
436 1171 730 1215 abscondens
765 1171 1000 1222 decorem,
1029 1171 1104 1215 vel
1140 1171 1250 1227 quia
1281 1172 1453 1216 timens

93 1247 196 1306 jam
217 1247 418 1305 placere.
489 1248 714 1292 Ceterum
736 1249 785 1291 in
806 1248 960 1292 stadio
994 1249 1152 1292 mariti
1175 1264 1270 1293 non
1291 1252 1454 1306 putem

101 1325 304 1370 velatam
347 1325 671 1370 deambulasse
714 1341 814 1382 quae
860 1326 1051 1383 placuit.
1121 1327 1285 1371 Fuerit
1329 1341 1454 1372 nune

101 1402 256 1447 velata
287 1417 499 1460 semper:
535 1403 585 1446 in
615 1403 716 1460 ipsa
751 1418 936 1459 quoque
970 1404 1126 1461 legem
1163 1404 1351 1448 habitus
1383 1419 1457 1448 re-

103 1479 251 1536 quiro,
275 1480 349 1524 vel
371 1480 421 1524 in
444 1495 736 1536 quacumque
758 1481 884 1525 aliass.

956 1481 1006 1525 Si
1040 1481 1196 1538 legem
1226 1496 1456 1537 nusquam

102 1597 160 1629 Ad
169 1597 343 1642 σιᾰωπιᾳάἰ
351 1598 533 1638 reliqionem
549 1597 654 1629 Graeci
667 1608 744 1638 quo-

812 1602 941 1639 yantur.
981 1599 1103 1638 jecerit
1127 1598 1154 1629 is
1180 1598 1260 1630 used
1286 1608 1322 1628 as
1349 1598 1457 1629 below

103 1648 512 1689 qoe‚cmhnenqffenur,
520 1649 621 1678 solent
630 1648 744 1686 dicere,
802 1650 921 1689 fierit.
962 1649 1085 1686 Below,
1113 1659 1140 1680 o.
1172 1651 1201 1686 8,
1232 1648 1456 1688 exploraverit,

104 1699 180 1738 φός
201 1698 341 1738 ἀγαθὸν,
367 1699 480 1730 bonum
503 1699 615 1730 lumem
665 1699 744 1729 And

105 1749 140 1780 S·
172 1748 279 1780 Basilz
320 1747 414 1789 ἔδοξε
452 1753 529 1780 τοῖς
568 1748 746 1790 πατράσιν

103 1799 197 1839 ’infir
229 1799 278 1840 μή
303 1801 419 1840 σιωπῇ
450 1800 515 1834 τήν
547 1800 648 1840 χάριν
682 1801 745 1830 τοῦ

105 1849 282 1890 ὅστιρινοῦ
307 1850 425 1889 φωτὸς
451 1849 620 1890 δέχεσθαι.
661 1850 745 1880 Pru-

105 1899 192 1931 dent.
220 1899 401 1931 Cathemer.
424 1900 542 1940 Hymn.
564 1900 606 1929 ad
632 1900 746 1930 Incen-

105 1958 177 1980 sum
200 1950 374 1982 Lueernae:
399 1950 428 1981 Ο
447 1959 498 1981 ree
517 1950 626 1989 «liqna,
648 1950 747 1987 Deus,

105 2010 202 2041 quam
218 2001 279 2031 tibi
297 2001 433 2032 roscidoe
453 2000 567 2031 Noctis
582 2001 747 2040 principio

105 2061 184 2091 area.-
197 2054 271 2082 tuus
283 2052 407 2092 offerat,
420 2051 547 2082 Lucem.

168 2101 196 2121 ¹⁸
214 2102 390 2142 εἴρηαι-κιο,
424 2102 481 2132 the
518 2102 590 2141 sign
625 2101 662 2131 of
691 2101 748 2131 the

106 2161 205 2184 erosa.
247 2153 363 2192 Comp.
378 2153 419 2183 ad
430 2153 530 2183 Uxor.
542 2161 581 2183 11.
595 2160 633 2191 52
653 2152 750 2182 Late-

107 2202 194 2234 bisne
213 2206 256 2240 tu,
271 2212 340 2234 cum
360 2202 517 2241 lectulum,
532 2211 602 2233 cum
619 2211 749 2241 corpus-

107 2253 211 2284 culum
222 2253 332 2294 siquas
343 2251 360 2284 Ρ
394 2253 454 2283 See
468 2252 520 2283 De
535 2253 641 2292 Spect.
659 2262 685 2282 c.
699 2260 749 2289 24,

106 2312 139 2334 n.
156 2313 184 2334 1.

170 2352 231 2384 eh.
245 2353 306 2384 IV.
344 2352 356 2371 ¹
377 2352 562 2392 Aponolum
578 2352 702 2393 differo,
732 2352 750 2381 Ι

108 2405 172 2444 put
177 2403 234 2434 the
242 2403 369 2443 apostle
382 2403 471 2434 asido
478 2404 531 2433 for
542 2404 599 2433 the
607 2405 751 2442 present.

110 2453 182 2484 The
208 2455 334 2483 cuztom
364 2462 455 2483 came
489 2453 579 2491 first3
612 2454 644 2483 S.
669 2452 751 2482 Paul

110 2503 297 2536 sauctioued
310 2504 373 2534 and
384 2504 555 2544 explained
563 2504 589 2534 it
600 2503 633 2533 in
646 2513 659 2533 1
673 2503 749 2534 Cor.

110 2555 155 2586 xl.
171 2562 203 2593 5.

170 2604 185 2623 ¹
206 2607 264 2635 aut
276 2612 415 2635 caum...
433 2605 451 2634 1
465 2604 545 2634 have
558 2604 682 2634 altered
695 2603 752 2634 the

109 2655 335 2696 punctuation,
348 2654 454 2685 which
473 2655 501 2685 is
520 2654 644 2693 usually
660 2654 751 2684 thus:

110 2714 173 2736 non
182 2705 298 2745 potuit,
313 2708 370 2735 aut
386 2704 651 2745 caune-..jecerit
695 2704 754 2735 Te-

813 1700 1022 1731 enarraverit.
1066 1702 1075 1718 ‘
1088 1700 1137 1730 Or
1163 1700 1211 1730 let
1243 1710 1281 1730 us
1315 1708 1457 1738 suppose

813 1750 886 1781 that
898 1750 955 1781 she
973 1750 1028 1780 did
1050 1750 1204 1780 establish
1217 1759 1237 1780 a
1249 1750 1313 1780 law
1327 1750 1378 1780 for
1397 1750 1458 1780 her

815 1809 888 1831 own
903 1810 995 1831 ease:
1015 1801 1094 1831 then
1108 1801 1155 1831 let
1167 1800 1288 1839 virgins
1301 1800 1395 1830 alone
1415 1800 1457 1830 be

814 1850 930 1887 veiled,
945 1851 1009 1880 and
1029 1850 1094 1880 this
1114 1850 1189 1890 only
1203 1850 1297 1879 when
1314 1850 1390 1888 they
1403 1857 1458 1879 are

815 1901 918 1939 going
930 1899 1018 1929 forth
1032 1902 1067 1929 to
1076 1899 1246 1938 marriage,
1254 1898 1318 1928 and
1332 1901 1390 1928 not
1403 1899 1459 1928 be-

816 1950 886 1979 fore
905 1949 981 1988 they
1001 1949 1081 1978 have
1104 1951 1154 1978 set
1172 1957 1244 1987 eyes
1264 1957 1351 1987 upon
1373 1948 1459 1978 their

815 1998 1002 2029 husbands.’
1046 1998 1264 2038 Coqnoverint,
1282 2008 1328 2029 sc.
1344 1999 1456 2030 oculis.

819 2049 934 2088 eomp.
952 2049 1004 2079 De
1018 2048 1113 2088 Virg.
1128 2048 1202 2079 Vel.
1219 2058 1247 2078 c.
1262 2058 1295 2078 11
1309 2058 1316 2078 :
1336 2048 1384 2079 Et
1404 2049 1459 2079 de-

817 2103 976 2139 sponsatae
998 2099 1124 2139 quidem
1150 2099 1264 2129 habent
1287 2099 1460 2138 exemplum

819 2150 972 2187 Rebeccae,
989 2159 1056 2189 quoe
1071 2159 1140 2180 cum
1154 2149 1200 2179 ad
1211 2159 1355 2188 sponsmm
1368 2150 1459 2189 {qno-

817 2203 882 2230 tum
897 2199 1001 2229 adhuc
1011 2199 1120 2239 iqnota
1123 2199 1359 2238 perduceretur,
1367 2199 1463 2230 simul

819 2251 921 2290 ipsum
942 2250 1086 2289 coqnovit
1111 2259 1186 2287 esse,
1211 2259 1301 2289 quem
1327 2250 1366 2280 de
1393 2250 1462 2280 lon-

819 2302 936 2341 qinquo
966 2303 1186 2340 prospexerat,
1219 2309 1282 2329 non
1312 2300 1463 2331 sustinuit

820 2351 952 2381 dextera
963 2350 1211 2381 colluctationem
1219 2359 1274 2379 nec
1281 2349 1382 2380 osculi
1389 2359 1461 2380 con-

819 2401 1008 2441 qresst'onem
1028 2410 1084 2430 nec
1102 2400 1306 2438 salutationis
1326 2409 1460 2430 commu-

820 2452 1018 2490 nicationem,
1030 2451 1088 2481 secl
1106 2450 1248 2490 confessa
1262 2450 1348 2489 quod
1360 2459 1462 2480 seme-

820 2506 883 2539 rat,
910 2502 948 2531 id
969 2505 1014 2531 est
1039 2501 1156 2540 spiritu
1175 2504 1315 2540 nuptam,
1335 2500 1463 2540 neqavt‘t

819 2552 972 2592 virqinem
983 2552 1089 2582 velata
1102 2551 1225 2581 ibidem.

881 2602 895 2620 ³
914 2602 948 2631 in
962 2602 1034 2640 ipsa
1048 2611 1206 2641 quoque...
1224 2601 1317 2631 ‘look
1336 2600 1370 2630 in
1388 2601 1462 2631 vain

820 2653 872 2682 for
884 2662 904 2682 a
916 2652 979 2682 law
993 2652 1026 2681 in
1048 2652 1104 2681 the
1124 2661 1196 2681 case
1209 2651 1246 2681 of
1258 2651 1412 2689 Susanna,
1426 2660 1464 2682 or

818 2703 853 2734 in
864 2703 936 2735 that
950 2702 987 2732 of
997 2711 1059 2743 any
1070 2701 1271 2733 individuah’

1205 2747 1326 2789 6-2
