1812 2956
326 207 382 248 38
681 211 1087 249 TERTULLIANI
1125 212 1301 249 LIBER

125 353 166 385 c.
182 355 283 387 xix.
327 342 517 386 niuntur
550 346 785 386 nocentes.
852 342 966 394 Quis
999 341 1090 386 hoc
1118 342 1206 386 nisi
1233 357 1405 387 nocens
1433 341 1662 399 negabit?

325 420 390 462 Et
422 423 581 462 tamen
611 420 832 462 innocens
856 419 915 462 de
939 419 1162 475 supplicio
1186 419 1377 463 alterius
1396 420 1544 463 laetari
1566 434 1660 464 non

323 499 491 551 potest,
518 510 624 539 cum
649 496 796 553 magis
821 499 1057 552 competat
1079 497 1314 541 innocenti
1337 497 1508 548 dolere,
1533 496 1660 552 quod

321 572 461 615 homo
485 587 569 628 par
592 573 690 629 ejus
713 576 810 615 tam
837 587 1010 616 nocens
1043 573 1194 618 factus
1229 578 1314 625 est,
1338 577 1392 617 ut
1424 577 1523 617 tam
1557 588 1658 618 cru-

322 648 491 691 deliter
519 648 827 705 impendatur.
899 648 1013 700 Quis
1042 653 1200 693 autem
1222 650 1334 692 mihi
1357 664 1548 706 sponsor
1572 653 1656 701 est,

319 729 542 768 nocentes
570 739 752 781 semper
781 725 854 768 vel
881 725 942 768 ad
976 725 1147 769 bestias
1170 726 1242 769 vel
1265 726 1326 769 ad
1349 727 1657 782 quodcunque

320 802 594 857 supplicium
618 802 818 853 decerni,
843 805 896 845 ut
919 818 1012 846 non
1034 803 1311 847 innocentiae
1335 817 1519 859 quoque
1543 802 1657 847 infe*

318 882 449 921 ratur
485 882 567 927 aut
603 879 779 922 ultione
808 879 1062 935 judicantis
1085 883 1166 924 aut
1195 880 1461 923 infirmitate
1499 879 1656 923 defen-

320 954 459 998 sionis
483 959 565 998 aut
588 956 807 999 instantia
831 957 1095 1011 quaestionis
1109 957 1133 999 P
1182 958 1332 1009 Quam
1355 957 1518 1001 melius
1541 970 1655 1013 ergo

318 1035 390 1073 est
420 1032 598 1075 nescire
629 1046 735 1075 cum
771 1032 879 1075 mali
915 1033 1178 1089 puniuntur,
1215 1048 1274 1076 ne
1302 1033 1444 1077 sciam
1471 1036 1522 1076 et
1549 1047 1655 1076 cum

316 1108 427 1151 boni
450 1112 659 1164 pereunt,
676 1109 714 1152 si
737 1112 894 1153 tamen
917 1110 1090 1154 bonum
1104 1111 1322 1167 sapiunt2.
1394 1111 1533 1155 Certe
1557 1111 1654 1166 qui-

318 1184 426 1227 dem
459 1185 741 1241 gladiatores
775 1186 1070 1230 innocentes3
1103 1187 1151 1230 in
1185 1187 1347 1230 ludum
1373 1187 1575 1238 veniunt,
1599 1191 1655 1231 ut

316 1261 512 1317 publicae
548 1262 820 1319 voluptatis⁴
854 1263 1016 1307 hostiae
1045 1264 1168 1307 fiant.
1237 1264 1394 1307 Etiam
1417 1263 1496 1319 qui
1527 1264 1653 1308 dam·

317 1341 509 1381 nantur⁵
543 1339 592 1382 in
625 1339 798 1390 ludum,
824 1340 959 1395 quale
994 1344 1077 1391 est,
1102 1345 1156 1384 ut
1191 1341 1251 1385 de
1285 1341 1455 1384 leviore
1479 1340 1651 1385 delicto

315 1414 364 1456 in
387 1414 641 1460 homicidas
659 1416 984 1460 emendatione
1002 1418 1245 1474 proficiant
1259 1418 1282 1460 ?
1323 1417 1416 1462 Sed
1435 1417 1534 1461 haec
1552 1417 1651 1462 eth-

316 1491 431 1535 nicis
454 1494 683 1550 respondi.
723 1494 943 1538 Ceterum
958 1495 1091 1546 absit,
1108 1499 1161 1537 ut
1177 1495 1236 1538 de
1250 1494 1382 1538 istius
1398 1494 1650 1551 spectaculi

316 1560 555 1612 aversione
593 1571 766 1614 diutius
802 1571 952 1615 discat
988 1571 1286 1615 Christianus.
1359 1573 1649 1627 Quamquam

315 1659 452 1688 nemo
476 1645 574 1689 haec
599 1647 752 1689 omnia
774 1646 953 1702 plenius
982 1648 1242 1703 exprimere
1264 1650 1432 1703 potest,
1457 1647 1545 1691 nisi
1569 1647 1649 1703 qui

313 1720 464 1764 adhuc
489 1726 682 1777 spectat,
710 1724 831 1767 malo
854 1738 947 1767 non
970 1724 1160 1781 implere
1185 1739 1322 1780 quam
1349 1725 1647 1770 meminisse⁶.

96 1804 197 1835 cAP.
213 1804 293 1836 XX.
415 1798 566 1848 Quam
582 1813 698 1841 vana
712 1799 866 1856 igitur,
882 1800 1022 1843 immo
1039 1801 1284 1857 desperata
1305 1802 1647 1858 argumentatio
1675 1835 1683 1840 -

94 1860 123 1885 It
133 1860 155 1886 is
165 1861 226 1885 vain

93 1891 205 1957 {315¹}ss
206 1891 257 1946 {ik
312 1887 485 1925 eorum,
508 1875 586 1930 qui
610 1876 707 1919 sine
731 1876 873 1920 dubio
896 1877 1326 1934 tergiversationem
1345 1878 1646 1923 admittendae

92 1951 276 2013 ξτῖἒὴέιξιιξῖῗιῗὲ.
370 1979 384 1997 ²³
407 1980 437 2010 εἰ
462 1983 564 2011 tamen
591 1981 701 2012 bonum
726 1982 864 2021 sapiunt,
892 1982 945 2020 ⁴11³,
1010 1985 1164 2022 tatemque
1185 1993 1347 2015 sessorum.
1387 1984 1487 2024 Apul.
1502 1985 1583 2018 Met.
1597 1994 1646 2019 xv.

310 2028 469 2067 however,
496 2030 587 2060 there
614 2031 654 2061 be
683 2040 744 2070 any
771 2041 884 2061 savour
911 2032 947 2062 of
1012 2042 1066 2071 13:
1086 2033 1142 2063 Vir
1151 2037 1180 2063 et
1189 2033 1522 2073 qenereprimariueet
1535 2036 1646 2076 opibus

310 2079 396 2116 good
416 2079 447 2108 in
470 2080 556 2109 them
567 2079 587 2109 :'
608 2090 628 2110 a
648 2081 824 2111 correction
840 2082 943 2112 added
1005 2082 1154 2121 pluribus
1168 2086 1197 2113 et
1207 2083 1396 2115 liberalitate
1403 2086 1565 2125 praecipue
1574 2086 1646 2127 diq-

310 2130 345 2156 to
372 2128 492 2168 qualify
519 2129 574 2158 the
600 2130 795 2168 applicatiou
822 2131 858 2160 of
888 2131 944 2162 the
1011 2141 1070 2162 nus
1081 2132 1221 2171 fortunae
1241 2142 1302 2163 suae
1321 2134 1484 2172 splendore
1500 2136 1645 2174 publicas

309 2180 391 2206 term
405 2178 489 2217 qood
500 2181 535 2208 to
549 2188 609 2218 any
619 2180 770 2211 heathen.
798 2181 850 2211 De
860 2181 941 2212 Idol.

310 2235 336 2256 c.
350 2237 376 2264 1,
398 2227 549 2258 adversus
564 2228 733 2258 Dominum
745 2230 882 2268 sapiunt.

367 2277 382 2295 ³
400 2278 583 2310 innocentes.
611 2279 803 2309 Volunteers
817 2280 850 2309 in
864 2280 942 2310 such

308 2329 459 2358 contests.
482 2329 541 2358 See
553 2329 685 2359 Sueten.
696 2328 767 2359 Jul.
777 2338 805 2359 c.
817 2340 864 2367 39,
879 2331 942 2360 and

308 2376 385 2407 Juv.
410 2377 475 2408 Sat.
491 2387 529 2409 11.
546 2388 611 2417 143,
632 2388 722 2418 sqq.;
743 2389 780 2409 or
802 2380 941 2419 captives

306 2426 339 2455 in
354 2436 432 2465 war,
452 2437 488 2457 οι·
501 2427 591 2458 hired
606 2429 816 2459 combatants.

366 2476 380 2493 ⁴
394 2477 529 2515 publicae
550 2477 730 2516 voluptatis.
764 2478 888 2509 Arnob.
901 2487 940 2510 11.

307 2534 340 2563 p.
355 2534 408 2563 72:
429 2536 466 2556 ea:
488 2527 599 2565 quibus
619 2528 653 2556 in
674 2528 774 2558 altero
797 2526 856 2568 (se.
874 2538 941 2558 am-

307 2575 507 2614 phitheatro)
533 2577 642 2606 mandi
669 2577 807 2607 homines
835 2587 939 2608 eerne-

307 2626 374 2652 rent
401 2628 429 2653 et
456 2625 625 2655 bestiarum
648 2627 820 2656 laniatibus
845 2628 939 2658 dissi-

301 2673 402 2710 pari:
424 2673 595 2712 interficere
614 2685 647 2704 se
666 2676 748 2705 alios
769 2677 886 2706 nullius
902 2677 939 2707 ob

307 2721 411 2751 meriti
421 2731 558 2760 causam,
568 2724 624 2754 sed
635 2725 668 2754 in
677 2726 816 2764 qratiam
830 2726 940 2766 volup-

1010 2181 1184 2221 voluptates
1206 2182 1387 2213 instruebat.
1428 2185 1511 2215 Ibid.
1526 2193 1572 2217 xv.
1589 2195 1643 2223 14:

1009 2231 1192 2269 splendidus
1207 2231 1339 2270 publices
1354 2232 1526 2272 voluptatis
1539 2244 1642 2274 appa·

1009 2284 1108 2311 ratus.

1070 2329 1083 2348 ⁵
1098 2330 1296 2362 damnantur.
1324 2332 1480 2372 Apuleius
1490 2334 1587 2375 (Met.
1595 2346 1641 2370 Π.

1011 2378 1064 2418 ¹3)
1089 2379 1165 2409 calls
1187 2381 1265 2410 wild
1286 2382 1392 2412 beasts
1413 2387 1570 2422 procured
1591 2387 1643 2417 for

1009 2429 1064 2459 the
1075 2430 1316 2469 amphitheatre,
1326 2442 1475 2471 qenerosa
1485 2435 1545 2466 illa
1553 2436 1642 2467 dam-

1009 2482 1154 2509 natorum
1166 2481 1303 2519 capitum
1310 2482 1446 2520 fimera.

1068 2528 1083 2546 ⁶
1115 2530 1312 2569 Quanquam.
1367 2533 1559 2575 ‘Although
1597 2545 1639 2567 no

1009 2587 1070 2607 one
1093 2587 1151 2607 can
1175 2582 1223 2609 set
1243 2580 1330 2610 forth
1352 2591 1440 2612 more
1461 2584 1542 2624 fully
1561 2586 1639 2616 than

1008 2628 1123 2667 myself
1139 2629 1182 2657 all
1203 2629 1291 2659 these
1312 2632 1509 2670 particulare,
1526 2638 1640 2674 except

1008 2676 1048 2706 he
1069 2677 1108 2706 be
1130 2687 1191 2707 one
1211 2679 1284 2708 who
1304 2680 1331 2709 is
1351 2681 1417 2710 still
1430 2681 1462 2710 in
1479 2683 1534 2713 the
1549 2683 1639 2716 habit

1008 2727 1046 2755 of
1074 2727 1242 2767 attending
1273 2729 1350 2758 such
1383 2731 1500 2770 show,
1527 2732 1546 2762 1
1575 2733 1639 2763 had
