1812 2956
312 193 397 235 154
674 194 1075 233 TERTULLIANI
1105 195 1299 232 LIBER*

1664 27 1665 30 ¹
1780 30 1783 38 v

1798 167 1812 183 Γ.

1806 189 1812 203 1

1808 243 1812 251 s

1799 282 1806 296 Q

121 341 160 375 c.
177 341 279 374 x111.
318 342 408 384 que
432 341 574 372 censu
600 327 926 376 coronarumffl,
952 326 1117 381 quibus
1144 325 1298 369 omnia
1327 326 1418 370 ista
1435 326 1654 388 redimita

319 408 438 449 sunt.
507 402 786 446 Praefabitur
826 402 1014 457 quidem
1052 402 1271 446 Claudius
1307 402 1450 446 etiam
1489 403 1655 447 coelum

320 480 547 527 sideribus
578 479 703 536 apud
727 479 923 523 Homeri
946 480 1151 523 carmina
1174 478 1499 531 coronatum¹⁷,
1525 483 1654 524 certe

322 572 350 601 a
380 557 501 608 Deo,
538 560 667 600 certe
698 555 901 600 homini:
935 555 1080 612 igitur
1109 559 1160 599 et
1191 556 1331 599 homo
1365 555 1464 612 ipse
1497 571 1526 599 a
1547 556 1655 601 Deo

324 634 617 679 coronandus
642 638 728 678 est.
798 635 1018 678 Ceterum
1041 648 1070 676 a
1093 634 1258 678 saeculo
1273 687 1276 689 q
1293 637 1574 678 coronantur
1606 637 1657 678 et

322 711 600 769 lupanaria¹8
654 714 704 754 et
748 710 929 754 latrinae
975 714 1025 754 et
1068 710 1274 767 pistrinae
1311 714 1362 754 et
1405 725 1565 755 carcer
1607 713 1658 754 et

324 789 500 832 ludus¹⁹
544 791 594 832 et
638 788 738 844 ipsa
782 787 1122 844 amphitheatra
1168 790 1217 830 et
1261 787 1361 843 ipsa
1406 786 1658 844 spoliariaffl

325 865 530 922 ipsaeque
553 864 800 907 libitinae21.
875 864 1024 916 Quam
1048 878 1178 907 sacer
1205 867 1495 919 sanctusque,
1520 877 1658 919 quam

326 942 550 985 honestus
582 956 637 984 ac
668 941 868 984 mundus
903 941 964 984 sit
997 940 1181 984 habitus
1215 940 1317 991 iste,
1346 940 1442 985 noli
1474 941 1535 984 de
1565 954 1659 984 uno

327 1019 513 1075 poetico
538 1018 666 1068 coelo,
692 1018 774 1061 sed
798 1018 857 1061 de
881 1017 1025 1060 totius
1047 1017 1208 1060 mundi
1231 1017 1518 1061 commerciis
1541 1017 1660 1060 aesti-

328 1110 469 1138 mare.
533 1095 601 1138 At
644 1095 767 1138 enim
815 1094 1097 1137 Christianus
1133 1109 1220 1137 nec
1256 1095 1490 1150 januam²²
1531 1108 1661 1138 suam

329 1171 497 1215 laureis
521 1171 775 1221 infamabit,
792 1171 830 1214 si
848 1171 984 1221 norit,
1010 1174 1207 1225 quantos
1231 1172 1344 1214 deos
1367 1171 1508 1214 etiam
1531 1170 1662 1215 ostiis

331 1247 541 1291 diabolus
586 1247 830 1298 affinxerit,
869 1248 901 1291 J
901 1262 1041 1290 anum
1086 1262 1114 1290 a
1149 1248 1307 1303 janua,
1347 1247 1664 1291 Limentinum

330 1340 358 1368 a
379 1325 551 1375 limine,
576 1324 824 1367 Forculum
848 1327 897 1367 et
923 1324 1160 1367 Carnam²³
1182 1339 1210 1366 a
1233 1324 1408 1368 foribus
1443 1328 1492 1367 et
1517 1323 1665 1368 cardi-

329 1402 477 1452 nibus,
500 1401 642 1444 etiam
676 1401 800 1456 apud
827 1401 1016 1444 Graecos
1041 1401 1289 1457 Thyraeum
1313 1401 1580 1458 Apollinem
1614 1404 1664 1445 et

330 1478 545 1522 Antelios
569 1478 817 1521 daemonas.

330 1594 464 1633 conject.
475 1597 615 1633 spectare
624 1594 723 1624 taedet.
740 1594 839 1632 Flor.‚
849 1592 966 1630 Rhen.,

333 1644 475 1683 Gangn.,
497 1644 566 1674 Gel.
588 1644 652 1673 and
668 1644 757 1672 Pam.
780 1653 815 1673 as
836 1644 869 1672 in
884 1646 964 1673 text.

331 1694 546 1733 Vien.,Leyd.
561 1693 698 1724 debebat.
722 1693 794 1723 The
806 1693 966 1724 Christian

331 1744 372 1782 by
387 1743 529 1782 wearing
541 1752 561 1772 a
574 1751 681 1772 crown
695 1743 842 1772 becomes
860 1752 880 1772 a
893 1745 967 1781 part

331 1793 367 1822 of
379 1792 433 1822 the
453 1792 553 1828 show,
567 1792 603 1821 of
614 1791 717 1821 which
732 1792 772 1822 he
787 1792 890 1830 ought
909 1794 967 1821 not

332 1851 410 1871 even
422 1844 457 1871 to
470 1842 511 1871 be
525 1851 544 1870 a
558 1844 731 1880 spectator.

391 1890 418 1909 ¹⁶
438 1891 472 1920 in
491 1891 558 1920 solo
579 1899 699 1929 quoque
721 1899 811 1920 censu
835 1899 967 1920 corona-

330 1950 411 1979 rum,
440 1942 500 1970 ‘on
531 1943 667 1970 account
697 1941 733 1969 of
762 1940 818 1970 the
845 1949 968 1970 crowns

331 1989 448 2021 alone.'
485 1990 538 2020 On
553 1999 670 2026 census,
691 1998 743 2019 see
766 1989 817 2020 De
838 1990 919 2019 Idol.
938 1999 965 2020 c.

331 2048 360 2077 4,
374 2049 406 2069 n.
423 2049 452 2076 4.

394 2089 419 2110 ¹⁷
440 2092 631 2120 coronatum.
667 2089 707 2119 ΙΙ.
731 2090 769 2118 Σ.
792 2091 865 2127 485:
888 2090 921 2120 ἐν
934 2090 968 2121 δὲ

333 2138 380 2169 ‘ra‘
391 2140 500 2177 τείρια
514 2138 638 2176 πάντα,
652 2138 697 2168 τά
711 2136 744 2168 ’τ’
757 2139 890 2177 οὐρανὸς
913 2140 969 2169 ἐσ-

333 2189 542 2227 τεφάνωται.
571 2188 619 2218 La
634 2189 739 2219 Cei-da
752 2191 866 2226 quotes
884 2189 968 2220 Plin.

333 2238 375 2269 N.
399 2239 441 2269 H.
468 2247 544 2268 ΧΠ.
572 2247 608 2275 4:
638 2237 821 2276 Antiquitas
845 2238 969 2277 quidem

332 2288 422 2318 nulla
454 2287 605 2326 (corona)
631 2287 694 2317 nisi
726 2287 795 2317 Deo
819 2287 966 2319 dabatur.

336 2337 383 2367 Ob
404 2337 440 2367 id
458 2337 614 2367 Homerus
628 2337 702 2367 coelo
722 2340 841 2366 tantum
865 2346 919 2367 eas
940 2341 969 2368 et

331 2387 445 2425 proelio
463 2387 604 2416 universo
625 2386 744 2416 tribuit.
780 2386 850 2416 The
873 2395 968 2425 argu-

333 2439 423 2466 ment
437 2437 473 2466 of
485 2436 637 2466 Claudius
652 2435 679 2465 is
695 2435 777 2465 this:
807 2434 878 2465 The
892 2436 968 2465 hea-

334 2494 394 2515 ven
408 2486 435 2515 is
455 2485 604 2516 crowned
623 2485 702 2515 with
723 2488 814 2515 stars.
857 2486 890 2514 It
903 2494 968 2515 was

334 2535 487 2574 certainly
513 2544 548 2564 so
576 2535 723 2564 crowned
750 2535 790 2573 by
820 2534 893 2564 God
918 2534 969 2564 for

334 2584 437 2613 man's
449 2584 578 2614 benefit.
609 2584 783 2614 Therefore
799 2593 872 2613 man
887 2584 969 2613 him.

335 2634 398 2664 self
410 2635 511 2673 ought
525 2637 560 2670 to
573 2635 614 2664 be
627 2635 776 2664 erowned
788 2635 829 2673 by
844 2634 929 2665 God.

395 2683 421 2702 ¹⁸
441 2684 624 2723 lupanaria.
649 2683 710 2714 See
724 2684 774 2713 De
786 2683 867 2714 1d01.
882 2693 908 2714 e.
922 2691 969 2724 15,

334 2741 368 2764 n.
388 2742 418 2764 ι.

1093 1593 1119 1612 ¹⁹
1130 1593 1233 1631 ludus,
1245 1595 1315 1625 ‘the
1325 1595 1526 1635 gladiatorial
1534 1593 1667 1627 school.’

1034 1636 1204 1673 Schoossin
1214 1645 1344 1683 general
1353 1653 1437 1674 were
1450 1653 1486 1674 so
1495 1644 1665 1675 bedecked.

1033 1692 1084 1722 De
1106 1693 1191 1724 Idol.
1211 1703 1237 1724 c.
1262 1703 1321 1724 10:
1340 1694 1428 1734 flore
1446 1694 1557 1724 scholae
1576 1703 1667 1725 coro-

1033 1742 1156 1773 nandae.

1092 1791 1120 1809 2⁰
1133 1792 1301 1830 spoliaria,
1311 1794 1381 1823 ‘the
1395 1793 1486 1835 place
1497 1793 1602 1824 where
1611 1793 1668 1824 the

1034 1849 1161 1879 corpses
1175 1842 1211 1870 of
1219 1842 1393 1881 gladiatore
1404 1852 1488 1872 were
1501 1841 1670 1882 stripped.'

1034 1891 1122 1929 Lips.
1137 1891 1189 1929 (de
1199 1891 1318 1931 Amph.
1333 1901 1360 1921 c.
1372 1892 1424 1930 21)
1440 1895 1554 1931 quotes
1569 1892 1667 1921 Lam-

1034 1940 1116 1979 prid.
1130 1940 1162 1969 in
1180 1941 1365 1971 Commod.:
1390 1941 1593 1972 Gladiatoris
1611 1950 1668 1972 ea-

1035 1989 1133 2019 daver
1158 1999 1235 2020 unco
1262 1991 1412 2020 trahatur
1421 2000 1437 2027 ‚⁶
1475 1991 1670 2030 qladiatorz'e

1035 2039 1172 2069 cadaver
1191 2040 1224 2069 in
1237 2040 1391 2078 spoliario
1398 2043 1550 2079 ponatur.

1087 2088 1113 2107 2¹
1129 2090 1272 2127 libitinae,
1284 2090 1353 2120 ‘the
1362 2090 1447 2120 biers
1457 2091 1494 2120 of
1502 2090 1556 2120 the
1567 2088 1671 2121 dead!

1038 2138 1097 2168 See
1119 2139 1230 2175 above,
1251 2148 1279 2168 c.
1302 2149 1349 2176 10,
1368 2148 1402 2170 n.
1425 2150 1452 2178 3.
1492 2138 1540 2169 La
1564 2139 1670 2170 Cerda

1036 2191 1150 2227 quotes
1172 2189 1280 2218 Sidon.
1304 2189 1448 2227 Apollin.
1470 2197 1510 2219 11.
1532 2191 1568 2220 82
1591 2188 1670 2220 Cum

1035 2238 1190 2268 libitinam
1199 2239 1299 2277 ipsam
1303 2240 1418 2278 flentes
1428 2248 1538 2276 omnes,
1551 2237 1671 2268 externi

1035 2297 1164 2327 quoque,
1185 2289 1449 2327 premitarentur,
1474 2298 1669 2319 remoraren-

1034 2341 1098 2372 tur,
1119 2338 1380 2375 exoscularentur,
1402 2341 1464 2369 etc.
1505 2338 1574 2368 The
1593 2334 1670 2377 gnte

1036 2387 1072 2416 of
1090 2387 1144 2416 the
1159 2386 1350 2425 Spoliarium
1370 2396 1434 2416 was
1451 2387 1552 2417 called
1568 2387 1671 2417 Porta

1035 2435 1246 2466 Libitinensis.

1095 2484 1122 2503 ‘²⁹
1133 2484 1280 2521 januam.
1304 2485 1418 2524 Comp.
1429 2485 1480 2515 De
1488 2485 1570 2515 Idol.
1582 2494 1609 2515 c.
1620 2492 1668 2524 15.

1095 2533 1123 2551 ²³
1146 2534 1298 2564 Carnam.
1324 2534 1404 2564 Cod.
1416 2534 1481 2573 Ag.
1490 2534 1553 2563 and
1563 2535 1668 2564 Rhen.

1039 2583 1188 2614 Carnam.
1227 2584 1366 2622 Gangn„
1391 2584 1503 2614 Gelen.
1526 2584 1589 2613 and
1609 2583 1672 2613 Pa-

1036 2633 1109 2663 mel.
1134 2633 1286 2663 Cardam.
1330 2635 1368 2663 In
1391 2633 1443 2663 De
1466 2633 1548 2663 Idol.
1572 2642 1599 2663 c.
1623 2640 1671 2671 15,

1036 2691 1086 2713 we
1099 2682 1179 2712 have
1196 2682 1364 2714 Cardeam.
1392 2683 1459 2713 But
1474 2682 1567 2713 Ovid.
1582 2681 1671 2715 Fast.
