<?xml version="1.0" encoding="UTF-8"?>
<!DOCTYPE html PUBLIC "-//W3C//DTD XHTML 1.0 Transitional//EN"
    "http://www.w3.org/TR/xhtml1/DTD/xhtml1-transitional.dtd">
<html xmlns="http://www.w3.org/1999/xhtml" xml:lang="en" lang="en">
 <head>
  <title>
</title>
<meta http-equiv="Content-Type" content="text/html;charset=utf-8" />
  <meta name='ocr-system' content='tesseract 3.04.00' />
  <meta name='ocr-capabilities' content='ocr_page ocr_carea ocr_par ocr_line ocrx_word'/>
</head>
<body>
  <div class='ocr_page' id='page_1' title='image "./libritresdespect00tertuoft/libritresdespect00tertuoft_0095.png"; bbox 0 0 1812 2956; ppageno 0'>
   <div class='ocr_carea' id='block_1_1' title="bbox 0 0 299 55">
    <p class='ocr_par' dir='ltr' id='par_1_1' title="bbox 0 0 299 55">
     <span class='ocr_line' id='line_1_1' title="bbox 0 0 299 55; baseline 0 2901"><span class='ocrx_word' id='word_1_1' title='bbox 0 0 299 55; x_wconf 95' lang='lat' dir='ltr'><strong> </strong></span> 
     </span>
    </p>
   </div>
   <div class='ocr_carea' id='block_1_2' title="bbox 500 200 1469 250">
    <p class='ocr_par' dir='ltr' id='par_1_2' title="bbox 500 200 1469 250">
     <span class='ocr_line' id='line_1_2' title="bbox 500 200 1469 250; baseline -0.004 -1"><span class='ocrx_word' id='word_1_2' title='bbox 500 208 587 249; x_wconf 76' lang='lat' dir='ltr'><strong>DE</strong></span> <span class='ocrx_word' id='word_1_3' title='bbox 626 211 1073 250; x_wconf 73' lang='lat' dir='ltr'><strong><em>SPECTAGULIS.</em></strong></span> <span class='ocrx_word' id='word_1_4' title='bbox 1409 200 1469 245; x_wconf 85' lang='grc'><strong>37</strong></span> 
     </span>
    </p>
   </div>
   <div class='ocr_carea' id='block_1_3' title="bbox 114 342 1680 1242">
    <p class='ocr_par' dir='ltr' id='par_1_3' title="bbox 114 342 1680 1242">
     <span class='ocr_line' id='line_1_3' title="bbox 115 342 1680 400; baseline -0.003 -13"><span class='ocrx_word' id='word_1_5' title='bbox 115 346 294 394; x_wconf 77' lang='lat' dir='ltr'><strong>rantur,</strong></span> <span class='ocrx_word' id='word_1_6' title='bbox 319 343 512 400; x_wconf 90' lang='lat' dir='ltr'><strong>indigna</strong></span> <span class='ocrx_word' id='word_1_7' title='bbox 536 347 791 400; x_wconf 88' lang='lat' dir='ltr'><strong>conspectu</strong></span> <span class='ocrx_word' id='word_1_8' title='bbox 815 347 900 387; x_wconf 93' lang='lat' dir='ltr'><strong>tuo</strong></span> <span class='ocrx_word' id='word_1_9' title='bbox 935 358 1029 387; x_wconf 89' lang='grc'><strong>11011</strong></span> <span class='ocrx_word' id='word_1_10' title='bbox 1057 342 1263 399; x_wconf 85' lang='lat' dir='ltr'>negabis,</span> <span class='ocrx_word' id='word_1_11' title='bbox 1288 354 1469 397; x_wconf 88' lang='lat' dir='ltr'><strong>pugnos</strong></span> <span class='ocrx_word' id='word_1_12' title='bbox 1490 353 1680 386; x_wconf 82' lang='lat' dir='ltr'><strong>c.xvl11.</strong></span> 
     </span>
     <span class='ocr_line' id='line_1_4' title="bbox 114 418 1470 476; baseline -0.003 -13"><span class='ocrx_word' id='word_1_13' title='bbox 114 423 168 463; x_wconf 85' lang='lat' dir='ltr'><strong>et</strong></span> <span class='ocrx_word' id='word_1_14' title='bbox 203 419 355 464; x_wconf 84' lang='lat' dir='ltr'><strong>calces</strong></span> <span class='ocrx_word' id='word_1_15' title='bbox 393 423 443 463; x_wconf 90' lang='lat' dir='ltr'><strong>et</strong></span> <span class='ocrx_word' id='word_1_16' title='bbox 480 419 700 476; x_wconf 87' lang='lat' dir='ltr'><strong>colaphos</strong></span> <span class='ocrx_word' id='word_1_17' title='bbox 742 424 792 463; x_wconf 91' lang='lat' dir='ltr'><strong>et</strong></span> <span class='ocrx_word' id='word_1_18' title='bbox 829 434 1015 463; x_wconf 90' lang='lat' dir='ltr'><strong>omnem</strong></span> <span class='ocrx_word' id='word_1_19' title='bbox 1061 418 1380 475; x_wconf 79' lang='lat' dir='ltr'><strong>petulantiam,</strong></span> <span class='ocrx_word' id='word_1_20' title='bbox 1420 420 1470 460; x_wconf 94' lang='lat' dir='ltr'><strong>et</strong></span> 
     </span>
     <span class='ocr_line' id='line_1_5' title="bbox 117 493 1636 552; baseline -0.003 -12"><span class='ocrx_word' id='word_1_21' title='bbox 117 510 441 552; x_wconf 85' lang='lat' dir='ltr'><strong>quamcunque</strong></span> <span class='ocrx_word' id='word_1_22' title='bbox 478 496 671 539; x_wconf 89' lang='lat' dir='ltr'><strong>humani</strong></span> <span class='ocrx_word' id='word_1_23' title='bbox 707 497 811 547; x_wconf 88' lang='lat' dir='ltr'><strong>oris,</strong></span> <span class='ocrx_word' id='word_1_24' title='bbox 850 497 900 538; x_wconf 91' lang='lat' dir='ltr'><strong>id</strong></span> <span class='ocrx_word' id='word_1_25' title='bbox 937 499 1010 539; x_wconf 89' lang='lat' dir='ltr'><strong>est</strong></span> <span class='ocrx_word' id='word_1_26' title='bbox 1047 496 1213 538; x_wconf 88' lang='lat' dir='ltr'><strong>divinae</strong></span> <span class='ocrx_word' id='word_1_27' title='bbox 1240 493 1468 550; x_wconf 83' lang='lat' dir='ltr'><strong>imaginis,</strong></span> <span class='ocrx_word' id='word_1_28' title='bbox 1488 505 1556 531; x_wconf 80' lang='lat' dir='ltr'><strong>Gen.</strong></span> <span class='ocrx_word' id='word_1_29' title='bbox 1569 504 1585 530; x_wconf 68' lang='lat' dir='ltr'><strong>t</strong></span> <span class='ocrx_word' id='word_1_30' title='bbox 1598 504 1636 532; x_wconf 73' lang='grc'><strong>27-</strong></span> 
     </span>
     <span class='ocr_line' id='line_1_6' title="bbox 117 573 1470 631; baseline -0.002 -14"><span class='ocrx_word' id='word_1_31' title='bbox 117 573 527 631; x_wconf 87' lang='lat' dir='ltr'><strong>depugnationem.</strong></span> <span class='ocrx_word' id='word_1_32' title='bbox 597 574 646 616; x_wconf 86' lang='lat' dir='ltr'>N</span> <span class='ocrx_word' id='word_1_33' title='bbox 648 588 708 616; x_wconf 90' lang='lat' dir='ltr'><strong>on</strong></span> <span class='ocrx_word' id='word_1_34' title='bbox 736 573 955 630; x_wconf 90' lang='lat' dir='ltr'><strong>probabis</strong></span> <span class='ocrx_word' id='word_1_35' title='bbox 978 588 1174 628; x_wconf 84' lang='lat' dir='ltr'><strong>usquam</strong></span> <span class='ocrx_word' id='word_1_36' title='bbox 1200 586 1339 615; x_wconf 88' lang='lat' dir='ltr'><strong>vanos</strong></span> <span class='ocrx_word' id='word_1_37' title='bbox 1369 586 1470 615; x_wconf 91' lang='lat' dir='ltr'><strong>cur-</strong></span> 
     </span>
     <span class='ocr_line' id='line_1_7' title="bbox 117 647 1471 708; baseline -0.004 -13"><span class='ocrx_word' id='word_1_38' title='bbox 117 652 220 695; x_wconf 81' lang='lat' dir='ltr'><strong>sus²</strong></span> <span class='ocrx_word' id='word_1_39' title='bbox 242 655 292 695; x_wconf 91' lang='lat' dir='ltr'><strong>et</strong></span> <span class='ocrx_word' id='word_1_40' title='bbox 320 651 556 708; x_wconf 83' lang='lat' dir='ltr'><strong>jaculatus</strong></span> <span class='ocrx_word' id='word_1_41' title='bbox 594 654 643 693; x_wconf 92' lang='lat' dir='ltr'><strong>et</strong></span> <span class='ocrx_word' id='word_1_42' title='bbox 680 650 824 694; x_wconf 89' lang='lat' dir='ltr'><strong>saltus</strong></span> <span class='ocrx_word' id='word_1_43' title='bbox 853 651 1090 701; x_wconf 85' lang='lat' dir='ltr'><strong>vaniores3</strong></span> <span class='ocrx_word' id='word_1_44' title='bbox 1127 664 1356 705; x_wconf 86' lang='lat' dir='ltr'><strong>nusquam</strong></span> <span class='ocrx_word' id='word_1_45' title='bbox 1382 647 1471 691; x_wconf 94' lang='lat' dir='ltr'><strong>tibi</strong></span> 
     </span>
     <span class='ocr_line' id='line_1_8' title="bbox 118 725 1470 784; baseline -0.002 -12"><span class='ocrx_word' id='word_1_46' title='bbox 118 728 240 772; x_wconf 84' lang='lat' dir='ltr'><strong>vires</strong></span> <span class='ocrx_word' id='word_1_47' title='bbox 276 732 360 771; x_wconf 89' lang='lat' dir='ltr'><strong>aut</strong></span> <span class='ocrx_word' id='word_1_48' title='bbox 396 727 629 784; x_wconf 87' lang='lat' dir='ltr'><strong>injuriosae</strong></span> <span class='ocrx_word' id='word_1_49' title='bbox 667 731 750 770; x_wconf 90' lang='lat' dir='ltr'><strong>aut</strong></span> <span class='ocrx_word' id='word_1_50' title='bbox 786 742 915 770; x_wconf 89' lang='lat' dir='ltr'><strong>vanae</strong></span> <span class='ocrx_word' id='word_1_51' title='bbox 955 726 1221 783; x_wconf 89' lang='lat' dir='ltr'><strong>placebunt,</strong></span> <span class='ocrx_word' id='word_1_52' title='bbox 1261 725 1346 768; x_wconf 91' lang='lat' dir='ltr'><strong>sed</strong></span> <span class='ocrx_word' id='word_1_53' title='bbox 1382 739 1470 769; x_wconf 88' lang='lat' dir='ltr'><strong>nec</strong></span> 
     </span>
     <span class='ocr_line' id='line_1_9' title="bbox 119 804 1468 861; baseline -0.003 -11"><span class='ocrx_word' id='word_1_54' title='bbox 119 820 233 850; x_wconf 84' lang='lat' dir='ltr'><strong>cura</strong></span> <span class='ocrx_word' id='word_1_55' title='bbox 254 805 425 849; x_wconf 87' lang='lat' dir='ltr'><strong>factitii</strong></span> <span class='ocrx_word' id='word_1_56' title='bbox 449 805 668 861; x_wconf 90' lang='lat' dir='ltr'><strong>corporis,</strong></span> <span class='ocrx_word' id='word_1_57' title='bbox 685 808 739 847; x_wconf 93' lang='lat' dir='ltr'><strong>ut</strong></span> <span class='ocrx_word' id='word_1_58' title='bbox 762 804 1004 861; x_wconf 80' lang='lat' dir='ltr'><strong>plasticam</strong></span> <span class='ocrx_word' id='word_1_59' title='bbox 1028 804 1122 847; x_wconf 92' lang='lat' dir='ltr'><strong>Dei</strong></span> <span class='ocrx_word' id='word_1_60' title='bbox 1145 817 1468 860; x_wconf 85' lang='lat' dir='ltr'><strong>supergressa;</strong></span> 
     </span>
     <span class='ocr_line' id='line_1_10' title="bbox 119 880 1469 940; baseline -0.002 -14"><span class='ocrx_word' id='word_1_61' title='bbox 119 887 172 926; x_wconf 91' lang='lat' dir='ltr'><strong>et</strong></span> <span class='ocrx_word' id='word_1_62' title='bbox 207 886 401 940; x_wconf 88' lang='lat' dir='ltr'><strong>propter</strong></span> <span class='ocrx_word' id='word_1_63' title='bbox 431 882 628 926; x_wconf 85' lang='lat' dir='ltr'><strong>Graeciae</strong></span> <span class='ocrx_word' id='word_1_64' title='bbox 667 882 815 925; x_wconf 91' lang='lat' dir='ltr'><strong>otium</strong></span> <span class='ocrx_word' id='word_1_65' title='bbox 843 881 1017 925; x_wconf 82' lang='lat' dir='ltr'><strong>altiles³</strong></span> <span class='ocrx_word' id='word_1_66' title='bbox 1052 881 1264 924; x_wconf 90' lang='lat' dir='ltr'><strong>homines</strong></span> <span class='ocrx_word' id='word_1_67' title='bbox 1302 880 1469 924; x_wconf 89' lang='lat' dir='ltr'><strong>oderis.</strong></span> 
     </span>
     <span class='ocr_line' id='line_1_11' title="bbox 119 957 1470 1016; baseline -0.002 -12"><span class='ocrx_word' id='word_1_68' title='bbox 119 960 186 1004; x_wconf 92' lang='lat' dir='ltr'><strong>Et</strong></span> <span class='ocrx_word' id='word_1_69' title='bbox 199 959 460 1016; x_wconf 81' lang='lat' dir='ltr'><strong>palaestrica</strong></span> <span class='ocrx_word' id='word_1_70' title='bbox 474 959 647 1002; x_wconf 90' lang='lat' dir='ltr'><strong>diaboli</strong></span> <span class='ocrx_word' id='word_1_71' title='bbox 662 959 905 1016; x_wconf 84' lang='lat' dir='ltr'><strong>negotium</strong></span> <span class='ocrx_word' id='word_1_72' title='bbox 919 962 1003 1002; x_wconf 89' lang='lat' dir='ltr'><strong>est.</strong></span> <span class='ocrx_word' id='word_1_73' title='bbox 1063 959 1246 1002; x_wconf 90' lang='lat' dir='ltr'><strong>Primos</strong></span> <span class='ocrx_word' id='word_1_74' title='bbox 1259 957 1470 1002; x_wconf 88' lang='lat' dir='ltr'><strong>homines</strong></span> 
     </span>
     <span class='ocr_line' id='line_1_12' title="bbox 121 1035 1641 1093; baseline -0.001 -13"><span class='ocrx_word' id='word_1_75' title='bbox 121 1035 333 1080; x_wconf 87' lang='lat' dir='ltr'><strong>diabolus</strong></span> <span class='ocrx_word' id='word_1_76' title='bbox 363 1035 520 1080; x_wconf 85' lang='lat' dir='ltr'><strong>elisit⁴.</strong></span> <span class='ocrx_word' id='word_1_77' title='bbox 591 1036 699 1092; x_wconf 91' lang='lat' dir='ltr'><strong>Ipse</strong></span> <span class='ocrx_word' id='word_1_78' title='bbox 728 1039 891 1093; x_wconf 88' lang='lat' dir='ltr'><strong>gestus</strong></span> <span class='ocrx_word' id='word_1_79' title='bbox 915 1036 1155 1080; x_wconf 90' lang='lat' dir='ltr'><strong>colubrina</strong></span> <span class='ocrx_word' id='word_1_80' title='bbox 1177 1036 1245 1080; x_wconf 90' lang='lat' dir='ltr'><strong>vis</strong></span> <span class='ocrx_word' id='word_1_81' title='bbox 1269 1036 1377 1086; x_wconf 85' lang='lat' dir='ltr'><strong>est⁵,</strong></span> <span class='ocrx_word' id='word_1_82' title='bbox 1402 1039 1471 1079; x_wconf 91' lang='lat' dir='ltr'><strong>te·</strong></span> <span class='ocrx_word' id='word_1_83' title='bbox 1490 1042 1557 1068; x_wconf 73' lang='lat' dir='ltr'><strong>Gen·</strong></span> <span class='ocrx_word' id='word_1_84' title='bbox 1571 1041 1605 1067; x_wconf 78' lang='lat' dir='ltr'>ffi</span> <span class='ocrx_word' id='word_1_85' title='bbox 1619 1041 1641 1067; x_wconf 79' lang='grc'><strong>6-</strong></span> 
     </span>
     <span class='ocr_line' id='line_1_13' title="bbox 119 1113 1473 1171; baseline -0.001 -13"><span class='ocrx_word' id='word_1_86' title='bbox 119 1129 214 1158; x_wconf 87' lang='lat' dir='ltr'><strong>nax</strong></span> <span class='ocrx_word' id='word_1_87' title='bbox 235 1113 296 1158; x_wconf 86' lang='lat' dir='ltr'><strong>ad</strong></span> <span class='ocrx_word' id='word_1_88' title='bbox 310 1113 646 1170; x_wconf 87' lang='lat' dir='ltr'><strong>occupandum,</strong></span> <span class='ocrx_word' id='word_1_89' title='bbox 662 1117 875 1158; x_wconf 87' lang='lat' dir='ltr'><strong>tortuosa</strong></span> <span class='ocrx_word' id='word_1_90' title='bbox 889 1114 951 1157; x_wconf 88' lang='lat' dir='ltr'><strong>ad</strong></span> <span class='ocrx_word' id='word_1_91' title='bbox 965 1114 1279 1171; x_wconf 86' lang='lat' dir='ltr'><strong>obligandum,</strong></span> <span class='ocrx_word' id='word_1_92' title='bbox 1295 1113 1473 1169; x_wconf 90' lang='lat' dir='ltr'><strong>liquida</strong></span> 
     </span>
     <span class='ocr_line' id='line_1_14' title="bbox 120 1191 1470 1242; baseline -0.001 -6"><span class='ocrx_word' id='word_1_93' title='bbox 120 1191 184 1236; x_wconf 81' lang='lat' dir='ltr'><strong>ad</strong></span> <span class='ocrx_word' id='word_1_94' title='bbox 220 1191 512 1235; x_wconf 84' lang='lat' dir='ltr'><strong>elabendum.</strong></span> <span class='ocrx_word' id='word_1_95' title='bbox 581 1192 750 1236; x_wconf 91' lang='lat' dir='ltr'><strong>Nullus</strong></span> <span class='ocrx_word' id='word_1_96' title='bbox 786 1192 875 1235; x_wconf 92' lang='lat' dir='ltr'><strong>tibi</strong></span> <span class='ocrx_word' id='word_1_97' title='bbox 913 1207 1190 1237; x_wconf 88' lang='lat' dir='ltr'><strong>coronarum</strong></span> <span class='ocrx_word' id='word_1_98' title='bbox 1236 1207 1346 1236; x_wconf 89' lang='lat' dir='ltr'><strong>usus</strong></span> <span class='ocrx_word' id='word_1_99' title='bbox 1384 1195 1470 1242; x_wconf 86' lang='lat' dir='ltr'><strong>est,</strong></span> 
     </span>
    </p>
   </div>
   <div class='ocr_carea' id='block_1_4' title="bbox 1483 411 1684 416">
    <p class='ocr_par' dir='ltr' id='par_1_4' title="bbox 1483 411 1684 416">
     <span class='ocr_line' id='line_1_15' title="bbox 1483 411 1684 416; baseline 0 0"><span class='ocrx_word' id='word_1_100' title='bbox 1483 411 1684 416; x_wconf 95' lang='lat' dir='ltr'><strong> </strong></span> 
     </span>
    </p>
   </div>
   <div class='ocr_carea' id='block_1_5' title="bbox 122 1268 1120 1326">
    <p class='ocr_par' dir='ltr' id='par_1_5' title="bbox 122 1268 1120 1326">
     <span class='ocr_line' id='line_1_16' title="bbox 122 1268 1120 1326; baseline 0 -14"><span class='ocrx_word' id='word_1_101' title='bbox 122 1268 236 1325; x_wconf 92' lang='lat' dir='ltr'><strong>quid</strong></span> <span class='ocrx_word' id='word_1_102' title='bbox 260 1269 320 1312; x_wconf 94' lang='lat' dir='ltr'><strong>de</strong></span> <span class='ocrx_word' id='word_1_103' title='bbox 344 1269 528 1313; x_wconf 89' lang='lat' dir='ltr'><strong>coronis</strong></span> <span class='ocrx_word' id='word_1_104' title='bbox 551 1268 815 1325; x_wconf 84' lang='lat' dir='ltr'><strong>voluptates</strong></span> <span class='ocrx_word' id='word_1_105' title='bbox 838 1269 1082 1326; x_wconf 88' lang='lat' dir='ltr'><strong>aucuparis</strong></span> <span class='ocrx_word' id='word_1_106' title='bbox 1097 1270 1120 1312; x_wconf 72' lang='grc' dir='ltr'><strong>ἰ)</strong></span> 
     </span>
    </p>
   </div>
   <div class='ocr_carea' id='block_1_6' title="bbox 123 1346 1684 1559">
    <p class='ocr_par' dir='ltr' id='par_1_6' title="bbox 123 1346 1684 1559">
     <span class='ocr_line' id='line_1_17' title="bbox 225 1346 1664 1404; baseline -0.003 -14"><span class='ocrx_word' id='word_1_107' title='bbox 225 1346 592 1403; x_wconf 86' lang='lat' dir='ltr'><strong>Expectabimus</strong></span> <span class='ocrx_word' id='word_1_108' title='bbox 619 1360 742 1389; x_wconf 91' lang='lat' dir='ltr'><strong>nunc</strong></span> <span class='ocrx_word' id='word_1_109' title='bbox 780 1350 830 1389; x_wconf 87' lang='lat' dir='ltr'><strong>et</strong></span> <span class='ocrx_word' id='word_1_110' title='bbox 860 1346 1190 1403; x_wconf 85' lang='lat' dir='ltr'><strong>amphitheatri</strong></span> <span class='ocrx_word' id='word_1_111' title='bbox 1225 1348 1472 1404; x_wconf 90' lang='lat' dir='ltr'><strong>repudium</strong></span> <span class='ocrx_word' id='word_1_112' title='bbox 1508 1355 1547 1386; x_wconf 90' lang='lat' dir='ltr'><strong>c.</strong></span> <span class='ocrx_word' id='word_1_113' title='bbox 1564 1354 1664 1385; x_wconf 76' lang='lat' dir='ltr'><strong>XIX.</strong></span> 
     </span>
     <span class='ocr_line' id='line_1_18' title="bbox 549 1408 1684 1480; baseline 0.002 -14"><span class='ocrx_word' id='word_1_114' title='bbox 549 1423 598 1466; x_wconf 90' lang='lat' dir='ltr'><strong>Si</strong></span> <span class='ocrx_word' id='word_1_115' title='bbox 631 1423 867 1474; x_wconf 86' lang='lat' dir='ltr'><strong>saevitiam,</strong></span> <span class='ocrx_word' id='word_1_116' title='bbox 893 1424 932 1467; x_wconf 89' lang='lat' dir='ltr'><strong>si</strong></span> <span class='ocrx_word' id='word_1_117' title='bbox 959 1424 1262 1480; x_wconf 89' lang='lat' dir='ltr'><strong>impietatem,</strong></span> <span class='ocrx_word' id='word_1_118' title='bbox 1293 1426 1331 1468; x_wconf 91' lang='lat' dir='ltr'><strong>si</strong></span> <span class='ocrx_word' id='word_1_119' title='bbox 1365 1426 1472 1469; x_wconf 84' lang='lat' dir='ltr'><strong>feri·</strong></span> <span class='ocrx_word' id='word_1_120' title='bbox 1489 1408 1684 1433; x_wconf 51' lang='lat' dir='ltr'><strong>&#39;mmmmm&#39;</strong></span> 
     </span>
     <span class='ocr_line' id='line_1_19' title="bbox 123 1500 1296 1559; baseline 0.002 -15"><span class='ocrx_word' id='word_1_121' title='bbox 123 1505 274 1545; x_wconf 85' lang='lat' dir='ltr'><strong>tatem</strong></span> <span class='ocrx_word' id='word_1_122' title='bbox 296 1500 566 1558; x_wconf 86' lang='lat' dir='ltr'><strong>permissam</strong></span> <span class='ocrx_word' id='word_1_123' title='bbox 581 1501 715 1544; x_wconf 89' lang='lat' dir='ltr'><strong>nobis</strong></span> <span class='ocrx_word' id='word_1_124' title='bbox 731 1502 1016 1546; x_wconf 84' lang='lat' dir='ltr'><strong>contendere</strong></span> <span class='ocrx_word' id='word_1_125' title='bbox 1041 1517 1296 1559; x_wconf 87' lang='lat' dir='ltr'><strong>possumus,</strong></span> 
     </span>
    </p>
   </div>
   <div class='ocr_carea' id='block_1_7' title="bbox 123 1578 1458 1636">
    <p class='ocr_par' dir='ltr' id='par_1_7' title="bbox 123 1578 1458 1636">
     <span class='ocr_line' id='line_1_20' title="bbox 123 1578 1458 1636; baseline 0.001 -14"><span class='ocrx_word' id='word_1_126' title='bbox 123 1578 173 1622; x_wconf 87' lang='lat' dir='ltr'><strong>in</strong></span> <span class='ocrx_word' id='word_1_127' title='bbox 195 1578 602 1636; x_wconf 84' lang='lat' dir='ltr'><strong>amphitheatrum.</strong></span> <span class='ocrx_word' id='word_1_128' title='bbox 657 1578 707 1622; x_wconf 92' lang='lat' dir='ltr'><strong>Si</strong></span> <span class='ocrx_word' id='word_1_129' title='bbox 729 1578 848 1622; x_wconf 90' lang='lat' dir='ltr'><strong>tales</strong></span> <span class='ocrx_word' id='word_1_130' title='bbox 872 1594 1042 1630; x_wconf 90' lang='lat' dir='ltr'><strong>sumus,</strong></span> <span class='ocrx_word' id='word_1_131' title='bbox 1059 1580 1218 1635; x_wconf 91' lang='lat' dir='ltr'><strong>quales</strong></span> <span class='ocrx_word' id='word_1_132' title='bbox 1240 1581 1458 1624; x_wconf 88' lang='lat' dir='ltr'><strong>dicimur¹</strong></span> 
     </span>
    </p>
   </div>
   <div class='ocr_carea' id='block_1_8' title="bbox 123 1423 476 1480">
    <p class='ocr_par' dir='ltr' id='par_1_8' title="bbox 123 1423 476 1480">
     <span class='ocr_line' id='line_1_21' title="bbox 123 1423 476 1480; baseline 0.003 -13"><span class='ocrx_word' id='word_1_133' title='bbox 123 1423 185 1467; x_wconf 89' lang='lat' dir='ltr'><strong>de</strong></span> <span class='ocrx_word' id='word_1_134' title='bbox 211 1423 476 1480; x_wconf 87' lang='lat' dir='ltr'><strong>Scripturis.</strong></span> 
     </span>
    </p>
   </div>
   <div class='ocr_carea' id='block_1_9' title="bbox 125 1656 1475 1715">
    <p class='ocr_par' dir='ltr' id='par_1_9' title="bbox 125 1656 1475 1715">
     <span class='ocr_line' id='line_1_22' title="bbox 125 1656 1475 1715; baseline 0.001 -15"><span class='ocrx_word' id='word_1_135' title='bbox 125 1656 416 1701; x_wconf 86' lang='lat' dir='ltr'><strong>delectemur</strong></span> <span class='ocrx_word' id='word_1_136' title='bbox 439 1656 663 1712; x_wconf 86' lang='lat' dir='ltr'><strong>sanguine</strong></span> <span class='ocrx_word' id='word_1_137' title='bbox 686 1656 903 1700; x_wconf 89' lang='lat' dir='ltr'><strong>humano.</strong></span> <span class='ocrx_word' id='word_1_138' title='bbox 958 1657 1141 1701; x_wconf 92' lang='lat' dir='ltr'><strong>Bonum</strong></span> <span class='ocrx_word' id='word_1_139' title='bbox 1161 1662 1245 1709; x_wconf 89' lang='lat' dir='ltr'><strong>est,</strong></span> <span class='ocrx_word' id='word_1_140' title='bbox 1265 1673 1372 1702; x_wconf 91' lang='lat' dir='ltr'><strong>cum</strong></span> <span class='ocrx_word' id='word_1_141' title='bbox 1393 1673 1475 1715; x_wconf 93' lang='lat' dir='ltr'><strong>pu-</strong></span> 
     </span>
    </p>
   </div>
   <div class='ocr_carea' id='block_1_10' title="bbox 113 1779 775 2771">
    <p class='ocr_par' dir='ltr' id='par_1_10' title="bbox 124 1779 768 1919">
     <span class='ocr_line' id='line_1_23' title="bbox 124 1779 767 1820; baseline 0 -10"><span class='ocrx_word' id='word_1_142' title='bbox 124 1779 202 1820; x_wconf 82' lang='lat' dir='ltr'><strong>help</strong></span> <span class='ocrx_word' id='word_1_143' title='bbox 229 1780 266 1810; x_wconf 82' lang='lat' dir='ltr'><strong>of</strong></span> <span class='ocrx_word' id='word_1_144' title='bbox 283 1779 340 1811; x_wconf 87' lang='grc'><strong>1110</strong></span> <span class='ocrx_word' id='word_1_145' title='bbox 365 1779 515 1819; x_wconf 73' lang='lat' dir='ltr'><strong>learning</strong></span> <span class='ocrx_word' id='word_1_146' title='bbox 535 1779 572 1810; x_wconf 85' lang='lat' dir='ltr'><strong>of</strong></span> <span class='ocrx_word' id='word_1_147' title='bbox 591 1780 647 1810; x_wconf 86' lang='lat' dir='ltr'><strong>the</strong></span> <span class='ocrx_word' id='word_1_148' title='bbox 665 1780 767 1810; x_wconf 84' lang='lat' dir='ltr'><strong>world</strong></span> 
     </span>
     <span class='ocr_line' id='line_1_24' title="bbox 125 1830 768 1871; baseline 0 -10"><span class='ocrx_word' id='word_1_149' title='bbox 125 1833 177 1862; x_wconf 76' lang='lat' dir='ltr'><strong>net</strong></span> <span class='ocrx_word' id='word_1_150' title='bbox 190 1831 247 1861; x_wconf 83' lang='grc'><strong>1110</strong></span> <span class='ocrx_word' id='word_1_151' title='bbox 259 1834 352 1871; x_wconf 77' lang='lat' dir='ltr'><strong>stage</strong></span> <span class='ocrx_word' id='word_1_152' title='bbox 367 1831 400 1860; x_wconf 85' lang='lat' dir='ltr'><strong>in</strong></span> <span class='ocrx_word' id='word_1_153' title='bbox 421 1830 517 1861; x_wconf 81' lang='lat' dir='ltr'><strong>order</strong></span> <span class='ocrx_word' id='word_1_154' title='bbox 537 1830 588 1860; x_wconf 80' lang='lat' dir='ltr'><strong>for</strong></span> <span class='ocrx_word' id='word_1_155' title='bbox 598 1830 768 1861; x_wconf 80' lang='lat' dir='ltr'><strong>theatrical</strong></span> 
     </span>
     <span class='ocr_line' id='line_1_25' title="bbox 127 1880 651 1919; baseline -0.002 -8"><span class='ocrx_word' id='word_1_156' title='bbox 127 1889 165 1911; x_wconf 84' lang='lat' dir='ltr'><strong>or</strong></span> <span class='ocrx_word' id='word_1_157' title='bbox 177 1880 229 1911; x_wconf 82' lang='lat' dir='ltr'><strong>for</strong></span> <span class='ocrx_word' id='word_1_158' title='bbox 241 1880 374 1910; x_wconf 75' lang='lat' dir='ltr'><strong>musical</strong></span> <span class='ocrx_word' id='word_1_159' title='bbox 388 1880 651 1919; x_wconf 80' lang='lat' dir='ltr'><strong>performances.’</strong></span> 
     </span>
    </p>

    <p class='ocr_par' dir='ltr' id='par_1_11' title="bbox 113 1924 771 2110">
     <span class='ocr_line' id='line_1_26' title="bbox 113 1924 767 1969; baseline -0.002 -9"><span class='ocrx_word' id='word_1_160' title='bbox 113 1924 115 1926; x_wconf 55' lang='grc'><strong>’</strong></span> <span class='ocrx_word' id='word_1_161' title='bbox 188 1937 203 1956; x_wconf 73' lang='lat'><em>2</em></span> <span class='ocrx_word' id='word_1_162' title='bbox 223 1939 323 1960; x_wconf 78' lang='lat' dir='ltr'><strong>vanos</strong></span> <span class='ocrx_word' id='word_1_163' title='bbox 340 1939 460 1961; x_wconf 74' lang='lat' dir='ltr'><strong>eureus.</strong></span> <span class='ocrx_word' id='word_1_164' title='bbox 501 1929 629 1960; x_wconf 85' lang='lat' dir='ltr'><strong>Arnob.</strong></span> <span class='ocrx_word' id='word_1_165' title='bbox 650 1938 714 1959; x_wconf 85' lang='lat' dir='ltr'><strong>vn.</strong></span> <span class='ocrx_word' id='word_1_166' title='bbox 734 1939 767 1969; x_wconf 90' lang='lat' dir='ltr'><strong>p.</strong></span> 
     </span>
     <span class='ocr_line' id='line_1_27' title="bbox 129 1980 768 2018; baseline -0.003 -7"><span class='ocrx_word' id='word_1_167' title='bbox 129 1989 186 2018; x_wconf 82' lang='lat'><strong>239</strong></span> <span class='ocrx_word' id='word_1_168' title='bbox 199 1989 208 2010; x_wconf 81' lang='lat'><em>=</em></span> <span class='ocrx_word' id='word_1_169' title='bbox 219 1980 287 2010; x_wconf 76' lang='lat' dir='ltr'><strong>eine</strong></span> <span class='ocrx_word' id='word_1_170' title='bbox 299 1988 398 2010; x_wconf 73' lang='lat' dir='ltr'><strong>eausa</strong></span> <span class='ocrx_word' id='word_1_171' title='bbox 412 1980 496 2010; x_wconf 73' lang='lat' dir='ltr'><strong>alios</strong></span> <span class='ocrx_word' id='word_1_172' title='bbox 510 1980 676 2016; x_wconf 71' lang='lat' dir='ltr'><strong>cursitare,</strong></span> <span class='ocrx_word' id='word_1_173' title='bbox 687 1980 768 2010; x_wconf 86' lang='lat' dir='ltr'><strong>ami-</strong></span> 
     </span>
     <span class='ocr_line' id='line_1_28' title="bbox 126 2029 771 2069; baseline -0.003 -8"><span class='ocrx_word' id='word_1_174' title='bbox 126 2030 276 2061; x_wconf 71' lang='lat' dir='ltr'><strong>citiarum</strong></span> <span class='ocrx_word' id='word_1_175' title='bbox 279 2029 352 2069; x_wconf 83' lang='lat' dir='ltr'><strong>flde</strong></span> <span class='ocrx_word' id='word_1_176' title='bbox 363 2029 456 2060; x_wconf 71' lang='lat' dir='ltr'><strong>salva</strong></span> <span class='ocrx_word' id='word_1_177' title='bbox 465 2029 771 2060; x_wconf 74' lang='lat' dir='ltr'><strong>contendere...alioe</strong></span> 
     </span>
     <span class='ocr_line' id='line_1_29' title="bbox 126 2078 648 2110; baseline 0.002 -1"><span class='ocrx_word' id='word_1_178' title='bbox 126 2082 157 2109; x_wconf 73' lang='lat' dir='ltr'><strong>et</strong></span> <span class='ocrx_word' id='word_1_179' title='bbox 170 2078 279 2110; x_wconf 73' lang='lat' dir='ltr'><strong>crudis</strong></span> <span class='ocrx_word' id='word_1_180' title='bbox 290 2079 438 2110; x_wconf 76' lang='lat' dir='ltr'><strong>mutilare</strong></span> <span class='ocrx_word' id='word_1_181' title='bbox 450 2088 484 2109; x_wconf 75' lang='lat' dir='ltr'><strong>ee</strong></span> <span class='ocrx_word' id='word_1_182' title='bbox 497 2079 648 2110; x_wconf 71' lang='lat' dir='ltr'><strong>caestibus.</strong></span> 
     </span>
    </p>

    <p class='ocr_par' dir='ltr' id='par_1_12' title="bbox 125 2127 775 2771">
     <span class='ocr_line' id='line_1_30' title="bbox 186 2127 767 2164; baseline 0.002 -5"><span class='ocrx_word' id='word_1_183' title='bbox 186 2127 202 2147; x_wconf 84' lang='lat'><strong>⁸</strong></span> <span class='ocrx_word' id='word_1_184' title='bbox 221 2128 336 2164; x_wconf 73' lang='lat' dir='ltr'><strong>altiles,</strong></span> <span class='ocrx_word' id='word_1_185' title='bbox 367 2128 551 2159; x_wconf 73' lang='lat' dir='ltr'><strong>‘fattened.&#39;</strong></span> <span class='ocrx_word' id='word_1_186' title='bbox 593 2129 670 2160; x_wconf 85' lang='lat' dir='ltr'><strong>Juv.</strong></span> <span class='ocrx_word' id='word_1_187' title='bbox 699 2129 767 2160; x_wconf 84' lang='lat' dir='ltr'><strong>Sat.</strong></span> 
     </span>
     <span class='ocr_line' id='line_1_31' title="bbox 129 2178 770 2217; baseline 0.002 -8"><span class='ocrx_word' id='word_1_188' title='bbox 129 2187 161 2210; x_wconf 78' lang='lat' dir='ltr'><strong>v.</strong></span> <span class='ocrx_word' id='word_1_189' title='bbox 191 2187 261 2217; x_wconf 84' lang='lat'><strong>1¹5·</strong></span> <span class='ocrx_word' id='word_1_190' title='bbox 301 2178 354 2209; x_wconf 84' lang='lat' dir='ltr'><strong>De</strong></span> <span class='ocrx_word' id='word_1_191' title='bbox 376 2178 518 2209; x_wconf 76' lang='lat' dir='ltr'><strong>Patient.</strong></span> <span class='ocrx_word' id='word_1_192' title='bbox 540 2188 569 2210; x_wconf 82' lang='lat' dir='ltr'><strong>c.</strong></span> <span class='ocrx_word' id='word_1_193' title='bbox 594 2189 649 2210; x_wconf 90' lang='lat'><strong>11:</strong></span> <span class='ocrx_word' id='word_1_194' title='bbox 686 2179 770 2210; x_wconf 84' lang='lat' dir='ltr'><strong>Con-</strong></span> 
     </span>
     <span class='ocr_line' id='line_1_32' title="bbox 127 2228 768 2269; baseline 0.005 -11"><span class='ocrx_word' id='word_1_195' title='bbox 127 2228 248 2269; x_wconf 73' lang='lat' dir='ltr'><strong>quirito</strong></span> <span class='ocrx_word' id='word_1_196' title='bbox 275 2228 415 2259; x_wconf 75' lang='lat' dir='ltr'><strong>altilium</strong></span> <span class='ocrx_word' id='word_1_197' title='bbox 434 2238 586 2259; x_wconf 79' lang='lat' dir='ltr'><strong>enormem</strong></span> <span class='ocrx_word' id='word_1_198' title='bbox 609 2230 768 2268; x_wconf 65' lang='lat' dir='ltr'><strong>saginam.</strong></span> 
     </span>
     <span class='ocr_line' id='line_1_33' title="bbox 130 2280 770 2311; baseline 0 -1"><span class='ocrx_word' id='word_1_199' title='bbox 130 2280 317 2311; x_wconf 73' lang='lat' dir='ltr'><strong>Ghdiators</strong></span> <span class='ocrx_word' id='word_1_200' title='bbox 345 2289 428 2310; x_wconf 84' lang='lat' dir='ltr'><strong>were</strong></span> <span class='ocrx_word' id='word_1_201' title='bbox 454 2281 600 2310; x_wconf 78' lang='lat' dir='ltr'><strong>fattened</strong></span> <span class='ocrx_word' id='word_1_202' title='bbox 632 2281 684 2310; x_wconf 81' lang='lat' dir='ltr'><strong>for</strong></span> <span class='ocrx_word' id='word_1_203' title='bbox 714 2281 770 2311; x_wconf 86' lang='lat' dir='ltr'><strong>the</strong></span> 
     </span>
     <span class='ocr_line' id='line_1_34' title="bbox 129 2329 766 2370; baseline 0.002 -10"><span class='ocrx_word' id='word_1_204' title='bbox 129 2329 223 2370; x_wconf 79' lang='lat' dir='ltr'><strong>fight.</strong></span> <span class='ocrx_word' id='word_1_205' title='bbox 266 2330 365 2370; x_wconf 74' lang='lat' dir='ltr'><strong>Cypr.</strong></span> <span class='ocrx_word' id='word_1_206' title='bbox 386 2331 448 2370; x_wconf 87' lang='lat' dir='ltr'><strong>Ep.</strong></span> <span class='ocrx_word' id='word_1_207' title='bbox 469 2331 511 2360; x_wconf 75' lang='lat' dir='ltr'><strong>ad</strong></span> <span class='ocrx_word' id='word_1_208' title='bbox 531 2330 652 2362; x_wconf 85' lang='lat' dir='ltr'><strong>Donat.</strong></span> <span class='ocrx_word' id='word_1_209' title='bbox 674 2340 708 2370; x_wconf 92' lang='lat' dir='ltr'><strong>p.</strong></span> <span class='ocrx_word' id='word_1_210' title='bbox 730 2340 766 2368; x_wconf 87' lang='lat'><strong>4:</strong></span> 
     </span>
     <span class='ocr_line' id='line_1_35' title="bbox 129 2380 769 2420; baseline -0.002 -8"><span class='ocrx_word' id='word_1_211' title='bbox 129 2380 284 2420; x_wconf 66' lang='lat' dir='ltr'><strong>Inpletur-</strong></span> <span class='ocrx_word' id='word_1_212' title='bbox 297 2380 332 2410; x_wconf 67' lang='grc' dir='ltr'><strong>ἔτι</strong></span> <span class='ocrx_word' id='word_1_213' title='bbox 349 2381 676 2420; x_wconf 73' lang='lat' dir='ltr'><strong>euceumfhrtioribus·</strong></span> <span class='ocrx_word' id='word_1_214' title='bbox 698 2391 769 2411; x_wconf 82' lang='lat' dir='ltr'><strong>cor-</strong></span> 
     </span>
     <span class='ocr_line' id='line_1_36' title="bbox 125 2430 769 2470; baseline 0 -9"><span class='ocrx_word' id='word_1_215' title='bbox 125 2439 201 2470; x_wconf 72' lang='lat' dir='ltr'><strong>pus,</strong></span> <span class='ocrx_word' id='word_1_216' title='bbox 213 2433 243 2462; x_wconf 74' lang='lat' dir='ltr'><strong>et</strong></span> <span class='ocrx_word' id='word_1_217' title='bbox 256 2430 374 2461; x_wconf 74' lang='lat' dir='ltr'><strong>arvinae</strong></span> <span class='ocrx_word' id='word_1_218' title='bbox 393 2431 472 2461; x_wconf 70' lang='lat' dir='ltr'><strong>toris</strong></span> <span class='ocrx_word' id='word_1_219' title='bbox 484 2431 689 2461; x_wconf 80' lang='lat' dir='ltr'><strong>membrorum</strong></span> <span class='ocrx_word' id='word_1_220' title='bbox 703 2441 769 2461; x_wconf 89' lang='lat' dir='ltr'><strong>mo-</strong></span> 
     </span>
     <span class='ocr_line' id='line_1_37' title="bbox 129 2480 771 2521; baseline 0.003 -11"><span class='ocrx_word' id='word_1_221' title='bbox 129 2480 176 2511; x_wconf 71' lang='lat' dir='ltr'><strong>lec</strong></span> <span class='ocrx_word' id='word_1_222' title='bbox 194 2480 325 2511; x_wconf 74' lang='lat' dir='ltr'><strong>robusta</strong></span> <span class='ocrx_word' id='word_1_223' title='bbox 337 2481 527 2520; x_wconf 62' lang='lat' dir='ltr'><strong>pinguescit,</strong></span> <span class='ocrx_word' id='word_1_224' title='bbox 547 2485 583 2511; x_wconf 79' lang='lat' dir='ltr'><strong>ut</strong></span> <span class='ocrx_word' id='word_1_225' title='bbox 602 2482 771 2521; x_wconf 62' lang='lat' dir='ltr'><strong>saginatus</strong></span> 
     </span>
     <span class='ocr_line' id='line_1_38' title="bbox 129 2530 769 2570; baseline 0.003 -10"><span class='ocrx_word' id='word_1_226' title='bbox 129 2530 164 2560; x_wconf 71' lang='lat' dir='ltr'><strong>in</strong></span> <span class='ocrx_word' id='word_1_227' title='bbox 177 2539 302 2569; x_wconf 76' lang='lat' dir='ltr'><strong>poenam</strong></span> <span class='ocrx_word' id='word_1_228' title='bbox 314 2531 423 2560; x_wconf 73' lang='lat' dir='ltr'><strong>carius</strong></span> <span class='ocrx_word' id='word_1_229' title='bbox 430 2534 557 2570; x_wconf 77' lang='lat' dir='ltr'><strong>pereat.</strong></span> <span class='ocrx_word' id='word_1_230' title='bbox 579 2531 639 2561; x_wconf 87' lang='lat' dir='ltr'><strong>See</strong></span> <span class='ocrx_word' id='word_1_231' title='bbox 653 2532 769 2567; x_wconf 84' lang='lat' dir='ltr'><strong>above,</strong></span> 
     </span>
     <span class='ocr_line' id='line_1_39' title="bbox 130 2580 775 2620; baseline 0 -9"><span class='ocrx_word' id='word_1_232' title='bbox 130 2590 159 2611; x_wconf 84' lang='grc'><strong>0.</strong></span> <span class='ocrx_word' id='word_1_233' title='bbox 176 2591 224 2612; x_wconf 81' lang='lat'><strong>12.</strong></span> <span class='ocrx_word' id='word_1_234' title='bbox 265 2580 353 2610; x_wconf 80' lang='lat' dir='ltr'><strong>Here</strong></span> <span class='ocrx_word' id='word_1_235' title='bbox 372 2580 550 2611; x_wconf 83' lang='lat' dir='ltr'><strong>Tertu11.is</strong></span> <span class='ocrx_word' id='word_1_236' title='bbox 568 2581 725 2620; x_wconf 80' lang='lat' dir='ltr'><strong>speaking</strong></span> <span class='ocrx_word' id='word_1_237' title='bbox 738 2582 775 2611; x_wconf 83' lang='lat' dir='ltr'><strong>of</strong></span> 
     </span>
     <span class='ocr_line' id='line_1_40' title="bbox 130 2630 772 2670; baseline 0.002 -10"><span class='ocrx_word' id='word_1_238' title='bbox 130 2630 272 2668; x_wconf 62' lang='lat' dir='ltr'><strong>athleta,</strong></span> <span class='ocrx_word' id='word_1_239' title='bbox 286 2639 327 2659; x_wconf 88' lang='lat' dir='ltr'><strong>on</strong></span> <span class='ocrx_word' id='word_1_240' title='bbox 342 2630 450 2660; x_wconf 79' lang='lat' dir='ltr'><strong>whose</strong></span> <span class='ocrx_word' id='word_1_241' title='bbox 463 2631 530 2661; x_wconf 84' lang='lat' dir='ltr'><strong>diet</strong></span> <span class='ocrx_word' id='word_1_242' title='bbox 543 2631 681 2670; x_wconf 78' lang='lat' dir='ltr'><strong>especial</strong></span> <span class='ocrx_word' id='word_1_243' title='bbox 698 2640 772 2662; x_wconf 84' lang='lat' dir='ltr'><strong>care</strong></span> 
     </span>
     <span class='ocr_line' id='line_1_41' title="bbox 131 2680 772 2720; baseline 0.003 -11"><span class='ocrx_word' id='word_1_244' title='bbox 131 2689 197 2710; x_wconf 76' lang='lat' dir='ltr'><strong>was</strong></span> <span class='ocrx_word' id='word_1_245' title='bbox 208 2680 383 2710; x_wconf 75' lang='lat' dir='ltr'><strong>bestowed.</strong></span> <span class='ocrx_word' id='word_1_246' title='bbox 412 2680 532 2711; x_wconf 79' lang='lat' dir='ltr'><strong>Athen.</strong></span> <span class='ocrx_word' id='word_1_247' title='bbox 543 2690 573 2711; x_wconf 86' lang='lat' dir='ltr'><strong>x.</strong></span> <span class='ocrx_word' id='word_1_248' title='bbox 586 2690 673 2719; x_wconf 82' lang='lat'>1—3‚</span> <span class='ocrx_word' id='word_1_249' title='bbox 683 2681 772 2720; x_wconf 78' lang='lat' dir='ltr'><strong>gives</strong></span> 
     </span>
     <span class='ocr_line' id='line_1_42' title="bbox 132 2730 772 2771; baseline -0.003 -10"><span class='ocrx_word' id='word_1_250' title='bbox 132 2738 221 2761; x_wconf 71' lang='grc'><strong>101110</strong></span> <span class='ocrx_word' id='word_1_251' title='bbox 234 2733 365 2770; x_wconf 74' lang='lat' dir='ltr'><strong>strange</strong></span> <span class='ocrx_word' id='word_1_252' title='bbox 379 2730 493 2761; x_wconf 79' lang='lat' dir='ltr'><strong>stories</strong></span> <span class='ocrx_word' id='word_1_253' title='bbox 512 2731 548 2761; x_wconf 84' lang='lat' dir='ltr'><strong>of</strong></span> <span class='ocrx_word' id='word_1_254' title='bbox 563 2731 618 2761; x_wconf 82' lang='lat' dir='ltr'><strong>the</strong></span> <span class='ocrx_word' id='word_1_255' title='bbox 632 2731 772 2771; x_wconf 79' lang='lat' dir='ltr'><strong>voracity</strong></span> 
     </span>
    </p>
   </div>
   <div class='ocr_carea' id='block_1_11' title="bbox 832 1780 1479 2676">
    <p class='ocr_par' dir='ltr' id='par_1_13' title="bbox 832 1780 1476 1912">
     <span class='ocr_line' id='line_1_43' title="bbox 833 1780 1476 1820; baseline 0.003 -10"><span class='ocrx_word' id='word_1_256' title='bbox 833 1780 1026 1811; x_wconf 77' lang='lat' dir='ltr'><strong>ofathletes:</strong></span> <span class='ocrx_word' id='word_1_257' title='bbox 1035 1781 1162 1812; x_wconf 76' lang='grc' dir='ltr'>πάντες</span> <span class='ocrx_word' id='word_1_258' title='bbox 1171 1780 1237 1820; x_wconf 71' lang='grc' dir='ltr'><strong><em>’γάρ</em></strong></span> <span class='ocrx_word' id='word_1_259' title='bbox 1247 1781 1278 1812; x_wconf 77' lang='grc' dir='ltr'><strong>οἱ</strong></span> <span class='ocrx_word' id='word_1_260' title='bbox 1293 1781 1476 1813; x_wconf 71' lang='grc' dir='ltr'>ἀθλοῦντες</span> 
     </span>
     <span class='ocr_line' id='line_1_44' title="bbox 832 1830 1476 1870; baseline 0.005 -10"><span class='ocrx_word' id='word_1_261' title='bbox 832 1831 922 1868; x_wconf 69' lang='grc' dir='ltr'>μετά</span> <span class='ocrx_word' id='word_1_262' title='bbox 936 1833 1006 1861; x_wconf 76' lang='grc' dir='ltr'><strong>τῶν</strong></span> <span class='ocrx_word' id='word_1_263' title='bbox 1017 1830 1270 1870; x_wconf 74' lang='grc' dir='ltr'>’γυμνασμάτων</span> <span class='ocrx_word' id='word_1_264' title='bbox 1283 1832 1338 1862; x_wconf 82' lang='grc' dir='ltr'><strong>καὶ</strong></span> <span class='ocrx_word' id='word_1_265' title='bbox 1353 1832 1476 1863; x_wconf 78' lang='grc' dir='ltr'>ἐσθίειν</span> 
     </span>
     <span class='ocr_line' id='line_1_45' title="bbox 832 1880 1187 1912; baseline 0.003 -2"><span class='ocrx_word' id='word_1_266' title='bbox 832 1880 951 1911; x_wconf 70' lang='grc' dir='ltr'>πολλαὶ</span> <span class='ocrx_word' id='word_1_267' title='bbox 963 1881 1187 1912; x_wconf 75' lang='grc' dir='ltr'>ὃιδάσκὸνται.</span> 
     </span>
    </p>

    <p class='ocr_par' dir='ltr' id='par_1_14' title="bbox 834 1930 1478 2421">
     <span class='ocr_line' id='line_1_46' title="bbox 894 1930 1474 1973; baseline 0.005 -13"><span class='ocrx_word' id='word_1_268' title='bbox 894 1930 909 1948; x_wconf 79' lang='lat'><strong>⁴</strong></span> <span class='ocrx_word' id='word_1_269' title='bbox 929 1931 1023 1961; x_wconf 76' lang='lat' dir='ltr'><strong>elisit.</strong></span> <span class='ocrx_word' id='word_1_270' title='bbox 1054 1931 1170 1961; x_wconf 82' lang='lat' dir='ltr'><strong>elidere</strong></span> <span class='ocrx_word' id='word_1_271' title='bbox 1192 1932 1219 1961; x_wconf 86' lang='lat' dir='ltr'><strong>is</strong></span> <span class='ocrx_word' id='word_1_272' title='bbox 1246 1933 1397 1972; x_wconf 82' lang='lat' dir='ltr'><strong>properly</strong></span> <span class='ocrx_word' id='word_1_273' title='bbox 1417 1943 1474 1973; x_wconf 84' lang='lat' dir='ltr'><strong>ap-</strong></span> 
     </span>
     <span class='ocr_line' id='line_1_47' title="bbox 834 1980 1471 2025; baseline 0.009 -16"><span class='ocrx_word' id='word_1_274' title='bbox 834 1980 922 2019; x_wconf 87' lang='lat' dir='ltr'><strong>plied</strong></span> <span class='ocrx_word' id='word_1_275' title='bbox 935 1984 970 2010; x_wconf 86' lang='lat' dir='ltr'><strong>to</strong></span> <span class='ocrx_word' id='word_1_276' title='bbox 994 1982 1205 2021; x_wconf 83' lang='lat' dir='ltr'><strong>‘throttling’</strong></span> <span class='ocrx_word' id='word_1_277' title='bbox 1228 1983 1262 2012; x_wconf 89' lang='lat' dir='ltr'><strong>in</strong></span> <span class='ocrx_word' id='word_1_278' title='bbox 1285 1985 1471 2025; x_wconf 85' lang='lat' dir='ltr'><strong>wrestling:</strong></span> 
     </span>
     <span class='ocr_line' id='line_1_48' title="bbox 835 2031 1474 2075; baseline 0.009 -15"><span class='ocrx_word' id='word_1_279' title='bbox 835 2031 912 2061; x_wconf 88' lang='lat' dir='ltr'><strong>here</strong></span> <span class='ocrx_word' id='word_1_280' title='bbox 934 2031 1049 2071; x_wconf 83' lang='lat' dir='ltr'><strong>simply</strong></span> <span class='ocrx_word' id='word_1_281' title='bbox 1069 2035 1104 2062; x_wconf 88' lang='lat' dir='ltr'><strong>to</strong></span> <span class='ocrx_word' id='word_1_282' title='bbox 1128 2033 1320 2063; x_wconf 82' lang='lat' dir='ltr'><strong>overthrow.</strong></span> <span class='ocrx_word' id='word_1_283' title='bbox 1362 2035 1474 2075; x_wconf 80' lang='lat' dir='ltr'><strong>Seorp.</strong></span> 
     </span>
     <span class='ocr_line' id='line_1_49' title="bbox 836 2084 1471 2125; baseline 0.008 -14"><span class='ocrx_word' id='word_1_284' title='bbox 836 2091 863 2112; x_wconf 86' lang='lat' dir='ltr'><strong>e.</strong></span> <span class='ocrx_word' id='word_1_285' title='bbox 877 2085 896 2111; x_wconf 88' lang='grc'><strong>6</strong></span> <span class='ocrx_word' id='word_1_286' title='bbox 908 2092 915 2112; x_wconf 86' lang='lat'>:</span> <span class='ocrx_word' id='word_1_287' title='bbox 931 2091 994 2121; x_wconf 82' lang='lat' dir='ltr'><strong>per</strong></span> <span class='ocrx_word' id='word_1_288' title='bbox 1007 2092 1078 2121; x_wconf 82' lang='lat' dir='ltr'><strong>quae</strong></span> <span class='ocrx_word' id='word_1_289' title='bbox 1092 2092 1161 2113; x_wconf 83' lang='lat' dir='ltr'><strong>cum</strong></span> <span class='ocrx_word' id='word_1_290' title='bbox 1175 2084 1363 2115; x_wconf 73' lang='lat' dir='ltr'><strong>adversario</strong></span> <span class='ocrx_word' id='word_1_291' title='bbox 1377 2095 1471 2125; x_wconf 74' lang='lat' dir='ltr'><strong>expe-</strong></span> 
     </span>
     <span class='ocr_line' id='line_1_50' title="bbox 835 2132 1475 2172; baseline 0.008 -11"><span class='ocrx_word' id='word_1_292' title='bbox 835 2132 982 2170; x_wconf 76' lang='lat' dir='ltr'><strong>riremur,</strong></span> <span class='ocrx_word' id='word_1_293' title='bbox 996 2135 1031 2162; x_wconf 76' lang='lat' dir='ltr'><strong>ut</strong></span> <span class='ocrx_word' id='word_1_294' title='bbox 1044 2142 1066 2163; x_wconf 86' lang='lat' dir='ltr'><strong>a</strong></span> <span class='ocrx_word' id='word_1_295' title='bbox 1080 2143 1141 2172; x_wconf 85' lang='lat' dir='ltr'><strong>quo</strong></span> <span class='ocrx_word' id='word_1_296' title='bbox 1161 2134 1291 2164; x_wconf 79' lang='lat' dir='ltr'><strong>libenter</strong></span> <span class='ocrx_word' id='word_1_297' title='bbox 1305 2135 1395 2165; x_wconf 78' lang='lat' dir='ltr'><strong>homo</strong></span> <span class='ocrx_word' id='word_1_298' title='bbox 1417 2136 1475 2166; x_wconf 86' lang='lat' dir='ltr'><strong>eli-</strong></span> 
     </span>
     <span class='ocr_line' id='line_1_51' title="bbox 835 2183 1476 2221; baseline 0.009 -10"><span class='ocrx_word' id='word_1_299' title='bbox 835 2191 889 2211; x_wconf 76' lang='lat' dir='ltr'><strong>eus</strong></span> <span class='ocrx_word' id='word_1_300' title='bbox 911 2186 964 2219; x_wconf 73' lang='lat' dir='ltr'><strong>est,</strong></span> <span class='ocrx_word' id='word_1_301' title='bbox 987 2192 1055 2213; x_wconf 85' lang='lat' dir='ltr'><strong>eum</strong></span> <span class='ocrx_word' id='word_1_302' title='bbox 1067 2183 1141 2221; x_wconf 83' lang='lat' dir='ltr'><strong>jam</strong></span> <span class='ocrx_word' id='word_1_303' title='bbox 1165 2187 1344 2214; x_wconf 72' lang='lat' dir='ltr'><strong>constanter</strong></span> <span class='ocrx_word' id='word_1_304' title='bbox 1366 2186 1476 2218; x_wconf 77' lang='lat' dir='ltr'><strong>elidat.</strong></span> 
     </span>
     <span class='ocr_line' id='line_1_52' title="bbox 837 2232 1477 2272; baseline 0.008 -11"><span class='ocrx_word' id='word_1_305' title='bbox 837 2232 1043 2262; x_wconf 75' lang='lat' dir='ltr'><strong>Tertullian’s</strong></span> <span class='ocrx_word' id='word_1_306' title='bbox 1072 2237 1244 2272; x_wconf 78' lang='lat' dir='ltr'><strong>argument</strong></span> <span class='ocrx_word' id='word_1_307' title='bbox 1266 2239 1416 2265; x_wconf 75' lang='lat' dir='ltr'><strong>amounts</strong></span> <span class='ocrx_word' id='word_1_308' title='bbox 1441 2239 1477 2266; x_wconf 88' lang='lat' dir='ltr'><strong>to</strong></span> 
     </span>
     <span class='ocr_line' id='line_1_53' title="bbox 836 2283 1478 2317; baseline 0.008 -5"><span class='ocrx_word' id='word_1_309' title='bbox 836 2283 910 2313; x_wconf 81' lang='lat' dir='ltr'><strong>this.</strong></span> <span class='ocrx_word' id='word_1_310' title='bbox 941 2284 1011 2314; x_wconf 90' lang='lat' dir='ltr'><strong>The</strong></span> <span class='ocrx_word' id='word_1_311' title='bbox 1032 2284 1119 2314; x_wconf 87' lang='lat' dir='ltr'><strong>devil</strong></span> <span class='ocrx_word' id='word_1_312' title='bbox 1140 2286 1313 2315; x_wconf 81' lang='lat' dir='ltr'><strong>overthrew</strong></span> <span class='ocrx_word' id='word_1_313' title='bbox 1331 2295 1391 2315; x_wconf 83' lang='lat' dir='ltr'><strong>our</strong></span> <span class='ocrx_word' id='word_1_314' title='bbox 1408 2287 1478 2317; x_wconf 88' lang='lat' dir='ltr'><strong>first</strong></span> 
     </span>
     <span class='ocr_line' id='line_1_54' title="bbox 836 2333 1477 2372; baseline 0.003 -10"><span class='ocrx_word' id='word_1_315' title='bbox 836 2336 985 2372; x_wconf 79' lang='lat' dir='ltr'><strong>parents3</strong></span> <span class='ocrx_word' id='word_1_316' title='bbox 1004 2333 1164 2364; x_wconf 80' lang='lat' dir='ltr'><strong>therefore</strong></span> <span class='ocrx_word' id='word_1_317' title='bbox 1179 2335 1234 2364; x_wconf 84' lang='lat' dir='ltr'><strong>the</strong></span> <span class='ocrx_word' id='word_1_318' title='bbox 1247 2339 1299 2365; x_wconf 78' lang='lat' dir='ltr'><strong>art</strong></span> <span class='ocrx_word' id='word_1_319' title='bbox 1313 2335 1350 2365; x_wconf 76' lang='lat' dir='ltr'><strong>of</strong></span> <span class='ocrx_word' id='word_1_320' title='bbox 1360 2336 1477 2366; x_wconf 69' lang='lat' dir='ltr'><strong>chrow-</strong></span> 
     </span>
     <span class='ocr_line' id='line_1_55' title="bbox 836 2383 1236 2421; baseline 0.01 -10"><span class='ocrx_word' id='word_1_321' title='bbox 836 2383 891 2421; x_wconf 80' lang='lat' dir='ltr'><strong>inq</strong></span> <span class='ocrx_word' id='word_1_322' title='bbox 901 2392 975 2412; x_wconf 85' lang='lat' dir='ltr'><strong>over</strong></span> <span class='ocrx_word' id='word_1_323' title='bbox 987 2383 1014 2412; x_wconf 82' lang='lat' dir='ltr'><strong>is</strong></span> <span class='ocrx_word' id='word_1_324' title='bbox 1028 2383 1064 2412; x_wconf 83' lang='lat' dir='ltr'><strong>of</strong></span> <span class='ocrx_word' id='word_1_325' title='bbox 1075 2384 1131 2418; x_wconf 80' lang='lat' dir='ltr'><strong>the</strong></span> <span class='ocrx_word' id='word_1_326' title='bbox 1145 2384 1236 2416; x_wconf 83' lang='lat' dir='ltr'><strong>devil.</strong></span> 
     </span>
    </p>

    <p class='ocr_par' dir='ltr' id='par_1_15' title="bbox 838 2432 1478 2571">
     <span class='ocr_line' id='line_1_56' title="bbox 897 2432 1478 2475; baseline 0.009 -13"><span class='ocrx_word' id='word_1_327' title='bbox 897 2432 911 2450; x_wconf 72' lang='lat'>⁵</span> <span class='ocrx_word' id='word_1_328' title='bbox 930 2433 997 2472; x_wconf 80' lang='lat' dir='ltr'><strong>ipse</strong></span> <span class='ocrx_word' id='word_1_329' title='bbox 1007 2437 1147 2472; x_wconf 70' lang='lat' dir='ltr'><strong>qesius...</strong></span> <span class='ocrx_word' id='word_1_330' title='bbox 1162 2435 1250 2465; x_wconf 87' lang='lat' dir='ltr'><strong>‘The</strong></span> <span class='ocrx_word' id='word_1_331' title='bbox 1258 2445 1331 2475; x_wconf 83' lang='lat' dir='ltr'><strong>very</strong></span> <span class='ocrx_word' id='word_1_332' title='bbox 1338 2437 1478 2467; x_wconf 80' lang='lat' dir='ltr'><strong>attitude</strong></span> 
     </span>
     <span class='ocr_line' id='line_1_57' title="bbox 838 2483 1478 2526; baseline 0.009 -15"><span class='ocrx_word' id='word_1_333' title='bbox 838 2483 874 2512; x_wconf 86' lang='lat' dir='ltr'><strong>of</strong></span> <span class='ocrx_word' id='word_1_334' title='bbox 887 2483 1054 2523; x_wconf 86' lang='lat' dir='ltr'><strong>wrestling</strong></span> <span class='ocrx_word' id='word_1_335' title='bbox 1074 2484 1100 2513; x_wconf 87' lang='lat' dir='ltr'><strong>is</strong></span> <span class='ocrx_word' id='word_1_336' title='bbox 1124 2494 1159 2514; x_wconf 86' lang='lat' dir='ltr'><strong>as</strong></span> <span class='ocrx_word' id='word_1_337' title='bbox 1182 2485 1237 2515; x_wconf 78' lang='lat' dir='ltr'><strong>the</strong></span> <span class='ocrx_word' id='word_1_338' title='bbox 1259 2486 1379 2526; x_wconf 86' lang='lat' dir='ltr'><strong>coiling</strong></span> <span class='ocrx_word' id='word_1_339' title='bbox 1402 2487 1439 2517; x_wconf 82' lang='lat' dir='ltr'><strong>of</strong></span> <span class='ocrx_word' id='word_1_340' title='bbox 1458 2497 1478 2517; x_wconf 80' lang='lat' dir='ltr'><strong>a.</strong></span> 
     </span>
     <span class='ocr_line' id='line_1_58' title="bbox 838 2531 995 2571; baseline -0.006 -9"><span class='ocrx_word' id='word_1_341' title='bbox 838 2531 995 2571; x_wconf 60' lang='lat' dir='ltr'><strong>serpent!</strong></span> 
     </span>
    </p>

    <p class='ocr_par' dir='ltr' id='par_1_16' title="bbox 838 2582 1479 2676">
     <span class='ocr_line' id='line_1_59' title="bbox 898 2582 1478 2624; baseline 0.012 -13"><span class='ocrx_word' id='word_1_342' title='bbox 898 2582 959 2612; x_wconf 90' lang='lat' dir='ltr'><strong>Ch.</strong></span> <span class='ocrx_word' id='word_1_343' title='bbox 989 2583 1087 2614; x_wconf 75' lang='lat' dir='ltr'><strong>xlx.</strong></span> <span class='ocrx_word' id='word_1_344' title='bbox 1144 2582 1153 2602; x_wconf 95' lang='lat'><strong>¹</strong></span> <span class='ocrx_word' id='word_1_345' title='bbox 1186 2585 1298 2624; x_wconf 69' lang='lat' dir='ltr'><strong>quales</strong></span> <span class='ocrx_word' id='word_1_346' title='bbox 1331 2586 1478 2619; x_wconf 82' lang='lat' dir='ltr'><strong>dicimur.</strong></span> 
     </span>
     <span class='ocr_line' id='line_1_60' title="bbox 838 2632 1479 2676; baseline 0.011 -15"><span class='ocrx_word' id='word_1_347' title='bbox 838 2632 999 2671; x_wconf 88' lang='lat' dir='ltr'><strong>Alluding</strong></span> <span class='ocrx_word' id='word_1_348' title='bbox 1014 2636 1048 2662; x_wconf 91' lang='lat' dir='ltr'><strong>to</strong></span> <span class='ocrx_word' id='word_1_349' title='bbox 1065 2633 1120 2663; x_wconf 86' lang='lat' dir='ltr'><strong>the</strong></span> <span class='ocrx_word' id='word_1_350' title='bbox 1140 2639 1323 2666; x_wconf 82' lang='lat' dir='ltr'><strong>monstrous</strong></span> <span class='ocrx_word' id='word_1_351' title='bbox 1343 2637 1479 2676; x_wconf 80' lang='lat' dir='ltr'><strong>charges</strong></span> 
     </span>
    </p>
   </div>
   <div class='ocr_carea' id='block_1_12' title="bbox 839 2682 1478 2776">
    <p class='ocr_par' dir='ltr' id='par_1_17' title="bbox 839 2682 1478 2776">
     <span class='ocr_line' id='line_1_61' title="bbox 839 2682 1478 2725; baseline 0.013 -15"><span class='ocrx_word' id='word_1_352' title='bbox 839 2682 875 2711; x_wconf 84' lang='lat' dir='ltr'><strong>of</strong></span> <span class='ocrx_word' id='word_1_353' title='bbox 914 2682 1038 2722; x_wconf 75' lang='lat' dir='ltr'><strong>cruelty</strong></span> <span class='ocrx_word' id='word_1_354' title='bbox 1073 2683 1216 2723; x_wconf 85' lang='lat' dir='ltr'><strong>brought</strong></span> <span class='ocrx_word' id='word_1_355' title='bbox 1262 2687 1390 2725; x_wconf 81' lang='lat' dir='ltr'><strong>against</strong></span> <span class='ocrx_word' id='word_1_356' title='bbox 1423 2688 1478 2718; x_wconf 85' lang='lat' dir='ltr'><strong>the</strong></span> 
     </span>
     <span class='ocr_line' id='line_1_62' title="bbox 841 2731 1371 2776; baseline 0.011 -14"><span class='ocrx_word' id='word_1_357' title='bbox 841 2731 1030 2763; x_wconf 75' lang='lat' dir='ltr'><strong>Christians.</strong></span> <span class='ocrx_word' id='word_1_358' title='bbox 1066 2733 1126 2764; x_wconf 87' lang='lat' dir='ltr'><strong>See</strong></span> <span class='ocrx_word' id='word_1_359' title='bbox 1142 2735 1283 2775; x_wconf 78' lang='lat' dir='ltr'><strong>Apolog.</strong></span> <span class='ocrx_word' id='word_1_360' title='bbox 1299 2745 1326 2767; x_wconf 85' lang='lat' dir='ltr'><strong>c.</strong></span> <span class='ocrx_word' id='word_1_361' title='bbox 1341 2747 1371 2776; x_wconf 91' lang='lat'><strong>9.</strong></span> 
     </span>
    </p>
   </div>
   <div class='ocr_carea' id='block_1_13' title="bbox 1314 1439 1684 1744">
    <p class='ocr_par' dir='ltr' id='par_1_18' title="bbox 1314 1439 1684 1744">
     <span class='ocr_line' id='line_1_63' title="bbox 1489 1439 1681 1464; baseline 0 -1"><span class='ocrx_word' id='word_1_362' title='bbox 1489 1439 1584 1464; x_wconf 75' lang='lat' dir='ltr'><strong>nation</strong></span> <span class='ocrx_word' id='word_1_363' title='bbox 1595 1439 1624 1464; x_wconf 84' lang='lat' dir='ltr'><strong>of</strong></span> <span class='ocrx_word' id='word_1_364' title='bbox 1631 1439 1681 1463; x_wconf 84' lang='lat' dir='ltr'><strong>im-</strong></span> 
     </span>
     <span class='ocr_line' id='line_1_64' title="bbox 1490 1469 1683 1501; baseline 0 -7"><span class='ocrx_word' id='word_1_365' title='bbox 1490 1469 1568 1500; x_wconf 83' lang='lat' dir='ltr'><strong>pious</strong></span> <span class='ocrx_word' id='word_1_366' title='bbox 1577 1469 1683 1501; x_wconf 84' lang='lat' dir='ltr'><strong>cruelty</strong></span> 
     </span>
     <span class='ocr_line' id='line_1_65' title="bbox 1314 1500 1639 1555; baseline 0 0"><span class='ocrx_word' id='word_1_367' title='bbox 1314 1518 1472 1547; x_wconf 85' lang='lat' dir='ltr'><strong>eamus</strong></span> <span class='ocrx_word' id='word_1_368' title='bbox 1490 1500 1639 1555; x_wconf 44' lang='lat' dir='ltr'><strong>‘item&#39;</strong></span> 
     </span>
     <span class='ocr_line' id='line_1_66' title="bbox 1491 1560 1651 1586; baseline -0.006 0"><span class='ocrx_word' id='word_1_369' title='bbox 1491 1561 1613 1586; x_wconf 66' lang='lat' dir='ltr'><strong>combam</strong></span> <span class='ocrx_word' id='word_1_370' title='bbox 1621 1560 1651 1585; x_wconf 77' lang='lat' dir='ltr'><strong>of</strong></span> 
     </span>
     <span class='ocr_line' id='line_1_67' title="bbox 1462 1591 1661 1632; baseline 0 -16"><span class='ocrx_word' id='word_1_371' title='bbox 1462 1615 1473 1632; x_wconf 62' lang='lat'><em>9</em></span> <span class='ocrx_word' id='word_1_372' title='bbox 1491 1591 1538 1616; x_wconf 84' lang='lat' dir='ltr'><strong>the</strong></span> <span class='ocrx_word' id='word_1_373' title='bbox 1547 1591 1661 1622; x_wconf 87' lang='lat' dir='ltr'><strong>Amphi-</strong></span> 
     </span>
     <span class='ocr_line' id='line_1_68' title="bbox 1491 1622 1607 1647; baseline 0.009 -1"><span class='ocrx_word' id='word_1_374' title='bbox 1491 1622 1607 1647; x_wconf 81' lang='lat' dir='ltr'><strong>theatre.</strong></span> 
     </span>
     <span class='ocr_line' id='line_1_69' title="bbox 1492 1652 1678 1681; baseline -0.005 -4"><span class='ocrx_word' id='word_1_375' title='bbox 1492 1652 1560 1677; x_wconf 84' lang='lat' dir='ltr'><strong>Gen.</strong></span> <span class='ocrx_word' id='word_1_376' title='bbox 1572 1652 1607 1677; x_wconf 83' lang='lat' dir='ltr'><strong>ix.</strong></span> <span class='ocrx_word' id='word_1_377' title='bbox 1619 1653 1643 1681; x_wconf 87' lang='grc'><strong>5,</strong></span> <span class='ocrx_word' id='word_1_378' title='bbox 1655 1652 1678 1676; x_wconf 87' lang='grc'><strong>6.</strong></span> 
     </span>
     <span class='ocr_line' id='line_1_70' title="bbox 1492 1683 1684 1707; baseline 0 0"><span class='ocrx_word' id='word_1_379' title='bbox 1492 1683 1576 1707; x_wconf 84' lang='lat' dir='ltr'><strong>Exod.</strong></span> <span class='ocrx_word' id='word_1_380' title='bbox 1590 1689 1633 1707; x_wconf 89' lang='lat' dir='ltr'><strong>xx.</strong></span> <span class='ocrx_word' id='word_1_381' title='bbox 1646 1683 1684 1707; x_wconf 87' lang='lat'><strong>13.</strong></span> 
     </span>
     <span class='ocr_line' id='line_1_71' title="bbox 1491 1713 1657 1744; baseline 0 -6"><span class='ocrx_word' id='word_1_382' title='bbox 1491 1713 1569 1738; x_wconf 73' lang='lat' dir='ltr'><strong>Matt.</strong></span> <span class='ocrx_word' id='word_1_383' title='bbox 1582 1720 1605 1738; x_wconf 89' lang='lat' dir='ltr'><strong>v.</strong></span> <span class='ocrx_word' id='word_1_384' title='bbox 1618 1713 1657 1744; x_wconf 81' lang='lat'><strong>21,</strong></span> 
     </span>
    </p>
   </div>
  </div>
 </body>
</html>
