1812 2956
315 383 933 442 TERTULLIANI
1001 385 1278 442 LIBER

487 521 594 570 DE
622 520 938 570 IDOLOLA
950 521 1142 569 TRJA.
1175 504 1178 506 ’

241 777 599 822 RINCIPALE
634 777 810 821 crimen
837 776 1023 833 generis
1051 744 1265 826 humani:
1287 791 1493 821 summus
1539 807 1641 840 CAP.
1656 807 1685 839 1.

274 855 427 900 saeculi
471 859 642 907 reatus,
688 858 791 898 tota
831 868 972 898 causa
1007 853 1177 910 judicii
1216 853 1491 898 idololatria.

144 1009 320 1062 lictum,
345 1009 435 1054 etsi
458 1024 542 1054 suo
573 1024 759 1065 quoque
788 1009 976 1052 nomine
1002 1008 1185 1064 judicio
1218 1009 1493 1061 destinatur,

144 1084 194 1128 in
216 1084 493 1129 idololatriae
515 1089 676 1128 tamen
699 1084 893 1128 crimine
918 1084 1202 1140 expungitur
1212 1085 1238 1127 ¹.

1313 1085 1494 1128 Omitte

144 1162 344 1214 titulos2,
368 1177 534 1220 operas
563 1176 862 1218 recognosce,
892 1161 1164 1205 idololatres
1197 1161 1324 1205 idem
1346 1161 1496 1205 homi-

146 1240 254 1284 cida
293 1243 379 1284 est.

144 1315 288 1374 elogii
321 1315 626 1360 ambitionem
659 1314 814 1365 facit³‚
849 1328 944 1357 non
976 1317 1266 1364 extraneum,
1291 1329 1379 1357 nec
1413 1314 1498 1358 ini-

145 1391 334 1443 micum,
358 1390 443 1436 sed
467 1390 681 1446 seipsum.

150 1469 257 1522 Quo
290 1467 388 1512 telo
403 1468 428 1511 P
473 1467 649 1511 offensa
685 1465 791 1509 Dei.

143 1545 432 1590 idololatriis.

755 1388 935 1440 Quibus
965 1388 1181 1439 insidiis?
1217 1389 1387 1432 erroris
1411 1390 1496 1432 sui.

866 1466 995 1517 Quot
1032 1465 1219 1521 plagis?
1268 1470 1499 1524 quotquot

506 1544 599 1596 Qui
631 1546 776 1599 negat
804 1542 1100 1586 idololatrem
1130 1542 1318 1598 perisse,
1349 1544 1388 1587 is
1418 1559 1498 1588 ne-

143 1623 280 1681 gabit
323 1621 619 1666 idololatrem
666 1619 970 1663 homicidium
1026 1619 1208 1664 fecisse.

1290 1621 1498 1665 Proinde

143 1700 429 1745 adulterium
451 1702 503 1744 et
525 1702 738 1755 stuprum
760 1698 810 1740 in
831 1697 999 1741 eodem
1022 1712 1358 1754 recognoscas3
1389 1714 1499 1742 nam

207 1834 269 1866 Ch.
282 1834 313 1866 1.
335 1833 346 1852 ¹
367 1833 567 1873 exprimitur,
578 1832 624 1862 ‘is
636 1831 786 1871 disposed

147 1885 185 1915 of
195 1884 297 1916 under
310 1884 366 1915 the
378 1884 496 1923 charge
506 1883 543 1912 of
553 1881 714 1921 idolatry.'
730 1880 787 1912 On

148 1944 333 1975 ezpunqere,
346 1943 399 1964 see
412 1933 465 1964 De
479 1933 556 1964 Cor.
572 1941 600 1962 c.
614 1941 643 1968 1,
656 1941 689 1961 n.
703 1940 733 1968 4.

206 1985 221 2005 ²
240 1984 358 2022 titulos,
381 1984 457 2014 ‘the
479 1982 599 2023 special
622 1990 732 2011 names
754 1980 792 2010 of

146 2037 203 2067 the
211 2034 332 2066 several
341 2032 479 2071 crimes?
492 2042 520 2063 e.
530 2041 563 2072 g.
575 2031 787 2066 homicidium,

145 2089 299 2125 stuprum,
333 2083 392 2114 διο.
446 2083 495 2113 La
532 2082 639 2113 Cerda
672 2084 788 2119 quotes

144 2137 238 2167 Suet.
254 2135 326 2166 Cal.
340 2143 368 2165 ο.
382 2143 437 2172 32:
455 2132 596 2168 Servum,
609 2130 648 2160 ob
662 2130 788 2160 detrac-

144 2189 213 2217 tam
221 2185 310 2217 lectis
322 2186 502 2224 arqenteam
513 2182 675 2218 laminam,
682 2180 789 2210 carni-

138 2237 203 2277 fici
223 2235 386 2276 confestim
407 2232 556 2270 tradidit,
583 2234 618 2261 ut
644 2230 789 2260 manibus

143 2285 298 2318 aheesscie
325 2287 419 2324 atq-ue
444 2285 517 2314 ante
533 2284 644 2321 pectus
664 2289 687 2309 a
707 2279 787 2309 collo

143 2335 359 2378 pendentibus,
383 2332 576 2373 proecedente
603 2330 705 2367 titulo,
732 2328 789 2368 qui

149 2395 280 2419 causam
299 2394 401 2425 poenae
426 2383 593 2420 indicaret,
613 2391 672 2422 per
694 2383 789 2411 coetus

149 2436 442 2470 circumduceretur.
483 2434 606 2471 Below,
625 2442 654 2463 c.
681 2442 727 2469 11,
747 2431 788 2461 ti-

147 2487 215 2520 tulo
228 2485 432 2516 idololatrioe.

210 2536 226 2556 ⁸
246 2536 285 2567 Si
297 2535 377 2575 quid
393 2534 439 2564 ad
448 2533 632 2574 eloqii...‘if
648 2532 676 2562 it
695 2530 788 2570 helps

146 2590 185 2618 to
197 2585 357 2625 complete
369 2584 425 2615 the
439 2584 566 2623 charge,
582 2583 615 2622 [1
623 2579 788 2619 answer].’

150 2636 295 2676 elogium,
305 2637 313 2649 ¹
324 2634 380 2665 the
389 2642 549 2673 summai-y
558 2633 595 2662 of
605 2642 646 2662 an
657 2639 787 2662 accusa-

148 2685 242 2719 fiom’
262 2685 315 2716 De
337 2684 412 2715 Cor.
428 2693 456 2715 c.
474 2690 512 2721 52
532 2683 666 2722 eloqium
684 2680 788 2712 caen·-

854 1831 929 1871 leqii
943 1831 977 1861 in
991 1829 1108 1863 Deuni.
1137 1832 1190 1862 De
1204 1832 1314 1871 Jejun.
1326 1841 1353 1862 c.
1372 1840 1425 1871 17:
1444 1831 1501 1862 Ad

854 1881 988 1920 eloyium
1008 1882 1086 1920 qulae
1102 1885 1160 1912 tuoe
1175 1882 1323 1920 pertinet,
1337 1882 1423 1921 quod
1435 1885 1497 1913 etc.

854 1930 903 1961 La
918 1931 1024 1961 Cet-da
1038 1934 1153 1970 quotes
1169 1932 1302 1962 Sueton.
1318 1931 1387 1961 Cal.
1403 1941 1432 1961 c.
1446 1940 1500 1970 27:

858 1980 1084 2011 Custodiarum
1117 1981 1228 2010 seriem
1268 1986 1499 2020 recoqnoscem,

854 2031 974 2061 nullius
987 2031 1123 2069 inspecto
1137 2031 1248 2070 eloqio,
1259 2035 1348 2061 stans
1361 2035 1497 2061 tantum-

854 2081 946 2110 modo
955 2082 1043 2110 intra
1051 2081 1211 2119 porticum
1220 2081 1365 2119 mediam,
1374 2091 1396 2111 α
1406 2082 1496 2112 calvo

855 2130 902 2161 ad
913 2130 1035 2161 calvum
1048 2130 1123 2160 duci
1138 2131 1315 2169 imperavit.
1346 2131 1497 2169 Ambitio,

853 2182 864 2198 ‘
874 2180 929 2210 the
940 2189 1086 2219 compass
1096 2179 1116 2216 ;'
1134 2180 1185 2210 De
1197 2179 1309 2219 Jejun.
1325 2190 1352 2211 c.
1365 2189 1412 2219 17,
1427 2190 1496 2210 am-

855 2231 932 2261 bitio
945 2231 1090 2269 corporis
1098 2241 1113 2266 ;
1130 2231 1182 2261 De
1192 2231 1305 2261 Anim.
1322 2241 1349 2261 c.
1366 2241 1383 2262 2
1384 2240 1414 2269 5,
1428 2234 1498 2261 tota

854 2281 970 2312 ventris
994 2281 1136 2311 ambitio.
1178 2281 1321 2312 Ambitio
1346 2281 1442 2321 eloyii
1468 2282 1497 2312 is

855 2332 926 2362 ‘the
934 2331 1115 2364 accusation
1129 2335 1178 2361 set
1193 2335 1251 2362 out
1263 2335 1299 2362 to
1312 2332 1354 2362 its
1367 2332 1428 2362 full
1441 2342 1498 2362 ex·-

853 2381 946 2418 tent‚’
968 2382 1135 2420 including
1152 2382 1196 2411 all
1218 2382 1272 2412 the
1294 2382 1495 2421 particulas-s,

854 2441 943 2471 quem
955 2431 970 2461 ,⁹
996 2431 1108 2470 quibus
1131 2432 1260 2461 insidiis
1271 2431 1287 2461 „⁹
1320 2441 1381 2471 quo
1405 2432 1465 2462 telo
1477 2431 1495 2462 ,Ρ

854 2485 930 2522 quot
944 2482 1055 2521 plaqis
1066 2481 1083 2512 ‚⁹
1106 2482 1223 2522 Comp.
1239 2483 1294 2512 Ad
1309 2483 1399 2513 Natt.
1416 2491 1442 2513 ι.
1457 2493 1494 2515 2:

853 2532 962 2561 Porro
977 2531 1015 2560 de
1027 2531 1126 2568 nobis,
1139 2542 1218 2571 quos
1230 2533 1441 2563 atrocioribus
1454 2542 1495 2564 ae

847 2582 999 2621 pluribus
1026 2582 1208 2612 criminibus
1231 2583 1401 2621 deputatis,
1425 2584 1495 2614 bre·

853 2631 946 2661 viora
960 2640 999 2661 ac
1013 2631 1133 2662 leviora
1147 2632 1252 2672 eloqia
1265 2633 1431 2672 conficitis.

1240 2729 1363 2771 3—5

1511 889 1662 927 Idolatryis
1670 889 1717 915 the

142 932 271 976 Nam
305 933 395 977 etsi
430 947 561 976 suam
600 932 804 988 speciem
838 934 972 974 tenet
1012 931 1376 987 unumquodque
1415 932 1493 975 de·
1511 921 1659 987 3322&
1662 920 1718 987 ‘³1⁰⁶‘

1511 982 1706 1042 mum

1512 1043 1589 1073 thest,
1602 1042 1682 1067 adul-

1512 1073 1706 1128 ffkrgffffl‘ixffl

1513 1140 1717 1190 sm

1513 1195 1648 1251 Ess‘ss’effi

453 1239 630 1291 Quaeris
676 1252 816 1293 quem
857 1237 1123 1281 occiderit?
1194 1237 1244 1280 Si
1285 1237 1398 1292 quid
1435 1238 1498 1281 ad
1514 1256 1640 1287 idolatry.
