1812 2956
435 193 523 235 DE
559 194 800 236 CORONA
839 197 1093 236 MILJTIS.
1350 190 1436 238 137

89 321 303 374 coronari
324 345 419 375 non
442 334 673 388 oportere.
735 330 935 388 Imagini
957 331 1129 375 veritas
1152 319 1435 388 respondere
1454 341 1644 372 CAP.1x.

88 404 295 452 debebit.
371 407 466 452 Sed
510 408 706 452 forsitan
752 422 959 465 oppones
1002 407 1154 465 ipsum
1200 406 1437 451 Christum

87 487 376 529 coronatum.
446 485 526 529 Ad
553 485 643 530 hoc
671 487 877 530 breviter
906 486 1094 530 interim
1131 484 1320 529 audies:
1359 484 1436 529 Sic

88 565 142 606 et
173 565 229 606 tu
259 577 496 615 coronare,
530 567 581 608 et
609 563 791 608 licitum
821 567 906 608 est.
970 564 1150 608 Tamen
1185 577 1273 607 nec
1310 562 1436 606 illam

87 639 343 698 impietatis
365 641 713 686 contumeliosae
737 656 958 686 coronam
980 641 1177 699 populus
1199 640 1434 685 conscivit.

88 717 406 763 Romanorum
434 718 633 762 militum
668 722 984 763 commentum
1014 719 1118 770 fuit,
1151 733 1213 763 ex
1248 733 1336 762 usu
1366 718 1436 763 rei
1452 735 1530 793 ἔξει
1545 736 1625 761 mii.

87 795 334 849 saecularis‚
368 811 507 853 quem
535 796 733 854 populus
764 797 858 840 Dei
889 811 977 841 nec
1005 796 1203 854 publicae
1232 810 1437 852 unquam
1484 786 1491 793 ¹

87 872 265 918 laetitiae
295 888 384 919 nec
414 874 636 931 ingenitae
667 874 862 918 luxuriae
889 875 1077 918 nomine
1105 870 1306 925 admisffi
1326 874 1437 918 faci-

87 950 178 995 lius
202 965 310 996 eum
338 952 570 1008 tympanis
606 955 656 995 et
690 951 818 995 tibiis
849 955 900 995 et
931 951 1162 1008 psalteriis
1197 954 1437 995 revertens
1454 966 1624 993 Neam-22⁷.

88 1027 150 1072 de
173 1028 444 1086 captivitate
468 1029 737 1086 Babyloniae
756 1044 893 1085 quam
919 1044 1026 1073 cum
1050 1028 1234 1073 coronis
1256 1032 1306 1073 et
1328 1032 1436 1086 post

87 1105 244 1151 cibum
266 1110 317 1151 et
345 1110 509 1165 potum
536 1121 794 1164 exsurgens
817 1106 878 1150 ad
900 1106 1158 1150 ludendum
1180 1107 1280 1151 sine
1305 1122 1435 1151 coro-
1450 1118 1537 1176 gxod-
1551 1117 1630 1143 xxxii-

86 1183 172 1228 nis.
240 1184 365 1228 Nam
394 1198 547 1240 neque
576 1183 749 1228 laetitiae
777 1183 1030 1241 descriptio
1054 1198 1207 1240 neque
1237 1183 1434 1227 luxuriae

88 1261 331 1306 denotatio
355 1261 415 1306 de
438 1276 622 1306 coronae
640 1261 812 1305 decore
836 1265 919 1305 aut
942 1261 1176 1305 dedecore
1194 1261 1432 1306 tacuisset.

87 1339 228 1384 Adeo
258 1343 309 1384 et
339 1339 502 1384 Esaias
534 1339 752 1395 quoniam
775 1339 962 1395 inquit3,
987 1339 1105 1382 Cum
1129 1339 1361 1396 tympanis
1385 1343 1435 1384 et
1451 1351 1494 1377 Es-
1507 1357 1531 1377 v.
1544 1351 1582 1377 12-

86 1417 216 1462 tibiis
259 1421 310 1463 et
353 1417 584 1475 psalteriis
620 1417 788 1460 bibunt
839 1417 1009 1468 vinum,
1058 1417 1268 1461 dicturus
1312 1424 1437 1462 esset

89 1496 244 1548 etiam,
276 1496 395 1541 Cum
422 1495 618 1547 coronis,
647 1495 686 1539 si
716 1510 922 1551 unquam
945 1494 1022 1539 hic
1052 1509 1162 1539 usus
1191 1495 1356 1539 fuisset
1387 1501 1438 1539 et

86 1574 137 1618 in
157 1574 252 1620 Dei
273 1575 426 1620 rebus.

179 1657 256 1701 Ita
290 1671 397 1702 cum
439 1657 616 1702 idcirco
654 1656 875 1714 proponis
913 1656 1110 1700 deorum
1147 1655 1437 1700 saecularium
1476 1666 1577 1697 CAP.
1595 1666 1644 1697 x.

88 1737 376 1780 commenta¹
409 1735 552 1779 etiam
579 1735 706 1791 apud
726 1735 884 1778 Deum
908 1734 1210 1791 deprehendi,
1235 1738 1289 1778 ut
1311 1734 1435 1778 inter
1453 1717 1481 1773 12¹
1485 1717 1658 1776 ἕέἕὲἓὲῗῖἶ-

1453 1785 1534 1804 cause
1544 1779 1621 1803 there
1635 1778 1658 1802 is

87 1813 190 1858 haec
213 1827 434 1858 coronam
452 1827 637 1868 quoque
655 1812 820 1869 capitis
839 1812 1075 1856 communi
1091 1812 1196 1856 usui
1213 1812 1433 1863 vindices,
1452 1809 1620 1896 {ffi‘sszg'ffl

1517 1871 1535 1894 's
1546 1869 1645 1895 service

87 1891 188 1948 ipse
219 1891 307 1935 tibi
332 1891 434 1948 jam
461 1890 721 1947 praescribis
748 1904 843 1933 non
869 1890 1137 1936 habendum
1159 1890 1208 1932 in
1231 1904 1436 1933 commu·
1452 1901 1657 1957 ffigssissg‘kffigh

1453 1952 1556 1988 cronius
1570 1961 1617 1987 be-

88 1968 228 2013 nione
251 1983 360 2012 usus
384 1968 509 2025 apud
537 1982 622 2011 nos
646 1967 773 2023 quod
801 1982 896 2011 non
919 1967 1180 2010 inveniatur
1211 1967 1260 2009 in
1297 1967 1437 2011 rebus
1454 1993 1525 2025 long,

87 2045 195 2090 Dei.
268 2046 396 2099 Quid
437 2047 562 2090 enim
606 2049 705 2089 tam
745 2045 939 2102 dignum
979 2044 1087 2088 Deo
1129 2059 1268 2100 quam
1312 2045 1440 2100 quod

89 2181 168 2214 Joh.
183 2181 236 2213 vii.
251 2183 300 2220 48,
321 2180 367 2220 μή
385 2193 441 2212 τις
460 2181 498 2212 ἐκ
517 2181 588 2211 τῶν
607 2179 728 2220 α’ρχόυ-
788 2179 937 2220 proetert't
958 2189 1032 2219 sqq.
1072 2179 1156 2210 Ibid.
1171 2187 1251 2211 vm.
1267 2181 1325 2210 18:
1351 2179 1441 2210 Unus

88 2243 159 2264 των
189 2231 404 2269 ἐπίστευσεν,
431 2231 451 2268 ἢ
479 2231 516 2262 ἐκ
536 2232 605 2261 τῶν
626 2232 728 2270 Φαρι-
794 2231 885 2261 illinc
914 2230 1046 2270 denique
1073 2230 1112 2260 de
1134 2239 1251 2260 summo
1282 2230 1441 2261 cacumine

89 2283 195 2314 σαίων
209 2293 218 2322 ;
795 2281 1013 2321 cupressusad
1024 2290 1080 2310 nos
1093 2280 1215 2320 inquit:
1236 2279 1313 2310 Non
1325 2283 1442 2310 vestro·

156 2333 170 2352 ²
185 2342 267 2364 arca
286 2333 498 2364 testamenti...
523 2332 617 2363 Josh.
631 2332 676 2362 iii.
693 2341 728 2370 3:
796 2341 879 2369 rum,
892 2331 972 2371 sqq?
1008 2331 1123 2361 Omn„
1166 2330 1287 2361 Others
1309 2330 1387 2360 read
1407 2330 1441 2360 in

88 2383 153 2421 τὴν
164 2383 311 2423 κιβωτὸν
324 2385 387 2420 τῆς·
399 2382 561 2421 διαθήκης,
582 2383 730 2413 !aberna-
795 2382 851 2412 the
865 2381 928 2411 last
945 2390 1090 2421 passage,
1110 2381 1154 2411 At
1167 2390 1232 2418 nos,
1250 2380 1363 2420 inquit,
1380 2390 1442 2410 non

90 2433 194 2465 culum
205 2433 366 2472 mar-tyrii.
405 2433 511 2464 Exod.
525 2433 568 2463 xl.
588 2442 640 2465 21:
667 2431 731 2468 τήν
796 2435 970 2462 vestrorum
983 2431 1157 2471 spoliorum
1177 2431 1324 2471 cupidine
1339 2431 1441 2461 latro-

89 2484 237 2523 κιβωτὸν
248 2483 312 2514 τοῦ
325 2483 521 2522 μαρτυρίου.
797 2482 951 2512 cinamur.

152 2533 167 2552 ³
184 2533 298 2573 inquit.
319 2533 476 2563 ‘Primum
490 2533 597 2564 locum
610 2532 663 2562 hic
675 2533 731 2562 ob-
859 2531 919 2562 Ch.
935 2531 979 2562 X.
1025 2530 1034 2550 ¹
1056 2534 1237 2562 commenta.
1278 2531 1320 2561 So
1330 2530 1373 2560 all
1385 2541 1440 2561 ex-

89 2584 174 2615 tinet
196 2583 308 2623 inquit*
317 2586 355 2614 ut
374 2583 460 2623 apud
474 2583 575 2622 Apul.
589 2583 672 2612 Met.
687 2591 731 2614 vx.
797 2585 872 2622 cept
888 2582 970 2613 Cod.
989 2582 1067 2621 Ag„
1083 2582 1159 2622 Rig.
1182 2582 1245 2612 and
1262 2581 1358 2612 Oehl.
1401 2582 1440 2611 In

90 2643 147 2673 13:
175 2632 231 2664 ted
257 2633 408 2663 contorti-r
427 2632 607 2672 superciliis
626 2631 732 2662 subri-
798 2642 899 2663 mvn.
915 2632 1052 2662 Tertull.
1071 2632 1129 2662 has
1140 2632 1250 2662 shown
1265 2641 1390 2662 erowns
1406 2634 1442 2662 to

91 2683 167 2715 dene
191 2692 336 2714 amarum
363 2682 410 2714 cic
437 2682 540 2723 inquit
551 2693 562 2715 .-
592 2681 662 2714 Nec
687 2691 734 2714 me
798 2683 838 2714 be
852 2682 908 2714 the
922 2682 1106 2714 inventione
1120 2681 1157 2713 of
1167 2682 1223 2713 the
1235 2682 1316 2713 false
1329 2682 1421 2722 gods.
