1812 2956
365 197 420 240 92
714 195 1125 240 TERTULLIANI
1143 212 1146 213 ⁷
1162 196 1342 241 LIBER

147 343 245 374 CAP.
267 343 343 375 xv.
363 331 532 374 laureae
563 330 874 387 pertinebunt.
945 330 1079 374 Idolo
1112 331 1291 382 feceris,
1328 331 1546 387 quicquid
1577 331 1698 375 ostio

362 408 540 451 feceris.
610 408 716 450 Hoc
751 408 799 449 in
834 407 939 451 loco
975 422 1040 468 ex*
1070 408 1350 452 auctoritate
1386 423 1568 465 quoque
1604 406 1699 452 Dei

365 488 616 535 contestor,
638 485 745 539 quia
766 499 853 528 nec
876 488 1032 528 tutum
1055 488 1128 528 est
1151 485 1422 529 subtrahere
1447 485 1699 540 quodcum·

365 576 454 616 que
500 561 580 604 uni
624 562 767 605 fuerit
812 565 1049 605 ostensum
1091 562 1252 617 utique
1297 562 1501 605 omnium
1545 575 1696 606 causa.

365 638 471 682 Scio
494 639 687 682 fratrem
710 654 793 695 per
812 639 1034 683 visionem
1063 639 1228 683 eadem
1259 642 1398 682 nocte
1422 638 1699 695 castigatum

363 716 578 772 graviter,
611 717 736 772 quod
756 717 948 773 januam
978 717 1076 772 ejus
1103 716 1256 760 subito
1284 716 1566 760 annuntiatis
1587 730 1699 772 gau-

364 793 451 836 diis
475 793 668 849 publicis
696 794 814 837 servi
840 797 1148 837 coronassent.
1219 793 1284 835 Et
1306 796 1463 836 tamen
1485 807 1579 836 non
1599 792 1698 850 ipse

364 875 664 914 coronaverat
687 875 768 914 aut
789 875 1102 927 praeceperat;
1133 885 1241 913 nam
1263 874 1372 913 ante
1395 872 1697 926 processerat,

364 951 414 990 et
455 962 691 1004 regressus
731 948 1095 1004 reprehenderat
1134 947 1323 990 factum.
1391 947 1529 990 Adeo
1574 947 1699 1004 apud

363 1024 519 1068 Deum
555 1026 602 1067 in
634 1025 935 1082 hujusmodi¹l
963 1025 1103 1067 etiam
1138 1023 1197 1066 de
1233 1023 1472 1079 disciplina
1513 1023 1699 1067 familiae

363 1105 533 1144 nostrae
557 1102 847 1145 aestimamur.
894 1102 1045 1158 Igitur
1063 1101 1188 1155 quod
1205 1101 1403 1143 attineat
1423 1100 1483 1143 ad
1500 1100 1698 1144 honores

363 1192 526 1234 regum
548 1178 621 1221 vel
637 1179 981 1235 imperatorum,
1001 1178 1111 1221 satis
1129 1177 1448 1233 praescriptum
1461 1177 1697 1229 habemus,

362 1255 410 1298 in
435 1256 559 1299 omni
583 1256 805 1311 obsequio
834 1269 934 1299 esse
963 1269 1048 1298 nos
1075 1258 1290 1312 oportere
1315 1253 1569 1297 secundum
1592 1268 1701 1311 apo-

364 1333 471 1376 stoli
493 1336 779 1389 praeceptum
802 1333 1012 1376 subditos
1036 1331 1381 1388 magistratibus
1410 1334 1459 1374 et
1486 1331 1700 1388 principi-

361 1411 448 1454 bus
485 1415 534 1453 et
570 1410 893 1467 potestatibus,
935 1409 1019 1453 sed
1055 1409 1178 1452 intra
1222 1408 1391 1452 limites
1432 1408 1697 1465 disciplinae‚

362 1502 600 1543 quousque
654 1488 713 1530 ab
768 1487 1030 1531 idololatria
1087 1500 1364 1542 separamur.
1442 1485 1699 1542 Propterea

363 1565 485 1608 enim
510 1568 558 1608 et
582 1564 696 1607 illud
720 1564 983 1620 exemplum
1005 1563 1147 1605 trium
1164 1563 1361 1604 fratrum
1384 1562 1696 1617 praeeueurrit,

363 1641 453 1695 qui,
483 1639 594 1684 alias
617 1641 925 1694 obsequentes
944 1654 1056 1696 erga
1077 1653 1237 1695 regem
1254 1638 1697 1690 Nabuchodonosor,

361 1718 584 1761 honorem
620 1718 830 1774 imaginis
867 1718 963 1773 ejus
1001 1716 1369 1760 constantissime
1406 1719 1694 1772 respuerunt,

361 1796 611 1851 probantes
638 1794 947 1838 idololatriam
977 1808 1076 1837 esse
1104 1792 1323 1847 quicquid
1356 1792 1478 1835 ultra
1507 1792 1697 1836 humani

362 1871 548 1915 honoris
570 1873 760 1915 modum
783 1871 844 1914 ad
866 1872 1011 1914 instar
1039 1870 1203 1912 divinae
1232 1869 1524 1913 sublimitatis
1551 1868 1698 1913 extol-

361 1948 483 1992 litur.
539 1949 614 1993 Sic
638 1953 687 1992 et
710 1948 890 1999 Daniel,
911 1951 1068 1992 cetera
1092 1947 1238 1990 Dario
1263 1946 1496 1996 subnixus,
1519 1945 1698 1989 tamdiu

361 2027 451 2069 fuit
468 2027 515 2068 in
534 2028 697 2077 officio,
717 2026 936 2081 quamdiu
954 2041 982 2068 a
1004 2025 1209 2082 periculo
1228 2023 1478 2080 disciplinae
1496 2026 1695 2067 vacaret.

361 2102 484 2145 Nam
508 2117 566 2146 ne
591 2103 640 2145 id
662 2103 850 2152 subiret,
880 2117 973 2145 non
997 2102 1143 2158 magis
1166 2101 1324 2144 leones
1349 2100 1503 2156 regios
1526 2099 1695 2149 timuit,

1023 2178 1300 2222 Accendant
1322 2176 1465 2233 igitur
1489 2175 1697 2232 quotidie

146 1345 224 1370 Rom.
238 1345 289 1370 xiii.
302 1346 323 1371 1.

143 1573 214 1598 Dan.
227 1574 264 1599 iii.
276 1574 314 1604 12,

143 1611 198 1635 sqq.

142 1954 213 1980 Dan.
226 1955 259 1980 vi.
272 1955 294 1986 5,

142 1993 198 2018 sqq.

363 2194 501 2234 quam
533 2180 598 2222 illi
628 2179 781 2236 regios
809 2179 954 2235 ignes.

423 2296 447 2315 ¹¹
469 2297 502 2326 in
513 2295 698 2334 huiusmodi.
733 2295 784 2325 De
794 2295 900 2334 Spect.
913 2304 939 2325 c.
947 2297 994 2332 26,

362 2358 395 2378 n.
412 2359 438 2377 1.

423 2397 450 2416 ¹2
462 2397 660 2436 postmodum
669 2405 812 2426 arsuras.
829 2395 995 2434 Comp.De

363 2449 469 2487 Spect.
483 2457 508 2477 o.
521 2457 575 2486 30:
587 2448 740 2486 flammea
759 2449 832 2475 rota
851 2448 997 2475 totusru-

362 2498 442 2527 bens.
485 2497 579 2527 Oehl.
593 2500 707 2535 quotes
724 2496 774 2525 De
790 2495 878 2525 Cult.
893 2495 994 2524 Foem.

363 2557 388 2576 c.
405 2550 441 2576 6:
461 2547 542 2576 male
556 2556 595 2576 ac
601 2546 735 2585 pessime
751 2545 812 2575 sibi
826 2544 994 2583 auspican-

362 2600 414 2626 zur
425 2598 573 2635 flammeo
594 2596 706 2635 capite.

424 2646 484 2676 Ch.
507 2646 603 2676 XVI.
652 2645 661 2663 ¹
683 2648 759 2684 toqae
775 2654 876 2684 puroe.
926 2643 996 2674 The

361 2695 558 2734 assumption
583 2695 620 2725 of
643 2695 698 2725 the
724 2698 799 2733 toqa
824 2693 930 2724 virilia·
955 2693 997 2732 by

1063 2296 1178 2335 youths
1193 2295 1225 2324 in
1241 2295 1324 2325 their
1339 2294 1412 2333 17th
1426 2302 1509 2333 year.
1551 2293 1619 2324 eie.
1634 2291 1698 2332 Ep.

1064 2345 1135 2374 Att.
1151 2353 1200 2373 1x.
1215 2353 1261 2382 19.
1302 2343 1380 2373 This
1393 2352 1460 2372 was
1480 2342 1603 2380 usually
1616 2342 1699 2372 done

1063 2396 1098 2423 at
1114 2394 1169 2423 the
1182 2393 1358 2423 Liberalia.
1400 2391 1467 2422 Cio.
1486 2391 1547 2430 Ep.
1563 2393 1637 2422 Att.
1651 2399 1698 2423 Vl.

1065 2452 1079 2472 1
1095 2453 1103 2472 ι
1126 2443 1241 2481 Quinto
1255 2445 1359 2481 toqam
1366 2451 1485 2481 puram
1498 2440 1700 2472 Liberalibus

1064 2493 1240 2531 coqitabam
1277 2492 1366 2523 dare.
1412 2491 1514 2524 Ovid..
1533 2491 1622 2521 Fast.
1645 2499 1699 2522 ιιι.

1064 2551 1132 2582 771·

1123 2592 1138 2611 ²
1156 2592 1370 2622 nominalium.
1412 2590 1482 2620 The
1502 2590 1562 2629 day
1576 2589 1614 2619 of
1630 2588 1698 2628 giv-

1064 2642 1122 2682 ing
1130 2642 1185 2672 the
1196 2651 1288 2671 name
1297 2644 1331 2671 to
1341 2640 1577 2671 children—the
1586 2638 1697 2677 eighth

1063 2691 1146 2722 from
1170 2691 1226 2721 the
1247 2690 1332 2720 birth
1351 2689 1403 2720 for
1425 2688 1516 2729 girls,
1529 2688 1583 2718 the
1604 2685 1697 2718 ninth
