1812 2956
378 189 434 230 46

728 193 1143 231 TERTULLIANI
1180 189 1356 230 LIBER

174 335 212 367 c.
228 335 342 366 xxv.
378 327 471 371 suis
490 330 669 370 tantam
692 325 941 381 voluptatis
965 325 1173 368 exitiosae
1197 325 1509 382 cupiditatem.
1562 308 1712 378 Quale

379 408 451 447 est
474 403 598 446 enim
621 402 680 445 de
709 401 906 445 ecclesia
928 402 1045 445 Dei³
1072 402 1120 444 in
1148 402 1321 446 diaboli
1347 402 1590 446 ecclesiam
1611 405 1711 447 ten-

379 481 505 531 dere,
530 480 589 522 de
618 478 744 530 eoelo,
770 478 896 534 quod
918 479 1060 530 aiunt,
1085 478 1133 521 in
1156 493 1335 522 eoenum
1348 479 1373 522 ?
1404 479 1505 523 illas
1533 493 1710 531 manus,

380 573 492 613 quas
521 557 580 601 ad
604 557 761 600 Deum
785 556 1018 606 extuleris,
1042 555 1339 612 postmodum
1362 555 1592 600 laudando
1619 555 1712 599 his-

379 634 580 677 trionem
602 633 799 689 fatigare
814 633 839 676 ?
896 647 957 676 ex
980 647 1073 683 ore,
1100 647 1192 687 quo
1217 632 1368 675 Amen
1396 631 1444 674 in
1469 631 1713 675 Sanctum⁴

379 710 639 767 protuleris,
693 709 941 766 gladiatori
987 709 1304 752 testimonium
1356 708 1554 752 reddere
1568 708 1592 751 ?
1656 708 1713 758 εἷς

381 788 554 835 αἱῶνας5
577 786 654 829 alii
677 787 863 830 omnino
888 786 1056 836 dicere,
1080 785 1168 829 nisi
1190 786 1296 828 Deo
1322 785 1566 829 Christo⁶?

484 865 578 908 Cur
600 865 744 921 igitur
765 879 860 908 11011
884 863 1130 921 ejusmodil
1154 863 1295 906 etiam
1318 862 1554 906 daemoniis
1576 877 1714 920 pene-

382 941 570 986 trabiles
594 942 706 985 fiant
719 941 743 984 Ῥ
809 941 934 985 Nam
957 943 1007 983 et
1032 939 1295 996 exemplum
1317 939 1488 983 accidit
1509 939 1714 984 Domino

381 1023 504 1063 teste
528 1019 626 1076 ejus
648 1017 865 1068 mulieris,
886 1031 988 1072 quae
1010 1016 1246 1060 theatrum
1269 1016 1384 1059 adiit
1403 1019 1452 1059 et
1474 1016 1583 1060 inde
1607 1031 1715 1061 eum

162 577 176 601 1
186 576 251 601 Tim.
264 575 288 601 ii.
303 576 324 601 8.

163 802 179 827 2
189 802 255 827 Tim.
266 802 302 827 iv.
315 801 353 827 18.

166 872 203 902 C.
219 871 353 902 XXVI.

164 926 219 951 The
248 926 308 951 who
319 927 359 951 at-

164 958 210 981 1011
236 957 320 981 shows

165 994 197 1011 ex
217 987 358 1011 0001110111-

165 1024 192 1041 se
203 1024 247 1041 ves
257 1018 286 1041 to
296 1017 342 1041 the

166 1047 256 1072 devil's
267 1054 362 1079 power.

381 1133 424 1173 by
437 1132 611 1172 gladiatore
630 1134 665 1162 to
679 1131 763 1170 wipe
784 1130 830 1161 off
844 1130 899 1160 the
918 1129 1015 1159 blood

382 1182 465 1212 from
479 1182 562 1212 their
575 1180 719 1217 wounds,
732 1180 799 1210 also
814 1182 849 1210 to
863 1179 947 1210 clear
961 1179 1016 1209 the

383 1231 481 1260 blood
509 1231 592 1260 from
625 1230 680 1260 the
714 1229 850 1268 ground.
897 1229 1017 1258 Seneca

383 1280 464 1319 (Ep.
496 1279 553 1319 70)
582 1279 671 1318 gives
702 1288 743 1308 an
776 1280 911 1308 account
938 1277 976 1307 of
998 1286 1018 1307 a

383 1330 543 1370 gladiator
555 1329 628 1359 who
643 1328 829 1359 committed
845 1327 963 1357 suicide
975 1327 1018 1366 by

383 1380 510 1418 forcing
535 1379 613 1409 such
636 1388 656 1408 a
682 1387 815 1418 sponge,
842 1377 957 1407 affixed
983 1385 1018 1406 as

384 1430 476 1460 usual
497 1432 532 1460 to
553 1439 573 1459 a
594 1429 685 1467 stick,
708 1429 803 1459 down
826 1427 876 1457 his
898 1427 1016 1458 throat.

386 1480 484 1510 Mart.
497 1479 596 1519 Epig.
610 1487 678 1508 x11.
692 1480 740 1516 48,
757 1477 871 1517 infilix
884 1477 1018 1507 damna-

386 1533 426 1560 tae
438 1529 571 1568 sponqia
585 1529 693 1568 virqoe.
727 1527 816 1566 Lips.
827 1527 967 1566 (Saturn.
978 1534 1017 1556 11.

386 1588 413 1609 0.
429 1579 459 1616 8)
470 1578 630 1608 considers
639 1578 694 1607 the
703 1586 841 1616 sponges
849 1579 883 1606 to
892 1577 933 1606 be
941 1576 1019 1605 used

386 1637 421 1657 as
435 1637 455 1657 a
468 1627 618 1665 covering
631 1629 666 1656 to
681 1626 735 1656 the
747 1627 865 1655 breast.
886 1625 955 1655 Liv.
967 1633 1018 1655 1x.

386 1686 435 1714 40,
444 1677 578 1715 sponqia
583 1675 706 1714 pectori
716 1678 927 1714 tequmentum.
949 1674 1019 1704 The

387 1729 530 1756 contrast
547 1726 644 1764 being
663 1724 894 1761 misericordia,
911 1725 929 1754 I
944 1724 1018 1754 take

387 1777 442 1806 the
456 1776 592 1806 allusion
606 1778 640 1805 to
654 1776 695 1805 be
708 1778 743 1805 to
757 1775 811 1805 the
820 1774 1019 1805 first-named

389 1836 444 1856 use
458 1827 494 1856 of
505 1835 654 1865 spongea.

446 1875 460 1895 ³
480 1876 518 1906 de
545 1875 675 1905 ecclesia
701 1874 779 1905 Dei.
819 1874 949 1904 ecclesia
970 1874 1022 1903 for

387 1928 442 1957 the
469 1926 624 1964 building‚
660 1935 674 1954 1
700 1925 775 1955 Cor.
803 1924 847 1955 xi.
871 1926 918 1954 18.
960 1923 1020 1953 See

346 1980 349 1985 '
387 1976 509 2014 Bingh.
533 1975 609 2005 Chr.
631 1974 745 2013 Antiq.
763 1982 839 2004 vn1.
856 1983 882 2010 1,
899 1983 926 2010 1,
946 1973 1020 2002 who

388 2029 502 2064 quotes
540 2024 699 2063 Vopiscus
731 2024 764 2053 in
793 2023 860 2054 Vit.
889 2022 1020 2052 Aurel.:

386 2076 500 2105 Miror
527 2084 592 2110 vos,
614 2077 729 2112 patres
761 2073 872 2109 sancti,
901 2071 1022 2102 tamdiu

387 2126 425 2155 de
450 2124 630 2163 aperiendis
652 2123 818 2162 Sibyllinis
838 2122 996 2152 dubitasse
1008 2132 1019 2152 .-

381 2175 517 2215 perinde
539 2174 632 2213 quasi
653 2174 687 2203 in
705 2173 958 2203 Christianorum
975 2180 1022 2200 ec-

388 2225 499 2261 clesia,
527 2233 588 2253 uon
615 2223 649 2252 in
676 2222 786 2260 templo
809 2221 936 2250 deorum
957 2230 1021 2249 om-

387 2277 482 2312 nium,
497 2273 689 2304 tractaretis.
729 2272 781 2302 De
798 2270 881 2301 Idol.
897 2280 924 2300 c.
939 2279 966 2309 7,
980 2270 1021 2299 ab

343 2348 346 2351 .
388 2325 484 2354 idolis
497 2324 530 2353 in
544 2323 703 2353 ecclesiam
721 2321 835 2351 venire.
876 2320 927 2349 De
946 2319 1020 2351 Cor.

389 2384 417 2406 0.
442 2385 470 2413 3,
496 2374 530 2403 in
557 2372 701 2403 ecclesia.
741 2370 820 2409 Rig.
846 2372 959 2408 quotes
987 2369 1021 2400 S.

391 2424 479 2462 Aug.
496 2422 611 2452 Enarr.
625 2422 658 2450 in
673 2420 790 2450 Psalm.
804 2419 911 2448 xxxix.
933 2419 948 2454 ξ
965 2428 1022 2448 10:

394 2473 528 2512 Quantis
555 2472 656 2502 turbis
675 2470 841 2509 implentur
862 2467 1022 2499 ecclesioe!

389 2524 547 2562 stipantur
564 2522 715 2561 parietes,
731 2519 892 2559 pressuris
914 2528 947 2548 se
967 2528 1021 2548 ur-

389 2576 472 2612 yent,
488 2581 590 2610 prope
607 2580 639 2600 se
652 2571 805 2610 suffocant
818 2568 1022 2599 multitudine.

391 2623 515 2652 Rursus
538 2622 578 2651 ab
601 2621 646 2650 eis
671 2620 760 2658 ipsis,
784 2619 814 2649 si
839 2628 948 2648 munus
969 2620 1023 2654 est,

391 2672 530 2701 curritur
556 2670 602 2700 ad
627 2669 899 2708 amphitheatrum.
946 2667 1023 2697 And

1080 1129 1112 1159 in
1124 1128 1207 1159 Psal.
1225 1137 1256 1159 1..
1273 1128 1292 1168 g
1304 1138 1317 1158 1
1331 1139 1340 1159 =
1355 1128 1394 1160 Si
1397 1129 1488 1169 sorte
1500 1129 1534 1159 in
1546 1129 1616 1169 ipso
1630 1129 1715 1160 circo

1081 1179 1194 1218 aliqua
1219 1188 1258 1209 ea·
1284 1187 1383 1209 causa
1406 1182 1620 1218 expavescunt,
1641 1187 1716 1209 eon-

1081 1229 1167 1259 tinuo
1189 1238 1222 1259 se
1242 1229 1378 1268 siqnant,
1397 1232 1427 1259 et
1446 1231 1532 1259 etant
1551 1228 1620 1259 illie
1637 1237 1715 1268 por-

1083 1281 1182 1308 tantes
1208 1279 1242 1308 in
1258 1279 1380 1318 fronte,
1401 1278 1481 1309 unde
1507 1277 1716 1317 abscederent,

1082 1328 1113 1358 si
1126 1328 1183 1358 hoc
1197 1328 1231 1357 in
1244 1328 1337 1358 corde
1344 1331 1521 1367 portarent.

1141 1377 1157 1396 ⁴
1178 1378 1335 1415 Sanctum,
1356 1378 1412 1408 the
1428 1378 1503 1417 holy
1525 1379 1716 1409 sacrament.

1085 1428 1118 1458 S.
1130 1427 1226 1467 Cypr.
1236 1428 1275 1457 de
1290 1427 1398 1466 Spect.
1411 1437 1444 1467 p.
1461 1436 1528 1466 341,
1541 1427 1717 1467 complains

1085 1477 1121 1507 of
1138 1477 1230 1507 those
1249 1477 1323 1507 who
1343 1477 1496 1508 attended
1515 1477 1630 1514 shows,
1645 1477 1718 1508 that

1085 1527 1160 1566 they
1167 1527 1241 1556 who
1254 1527 1317 1556 had
1331 1526 1582 1558 communicated
1596 1526 1718 1558 carried

1084 1575 1140 1605 the
1160 1579 1300 1606 sanctum
1321 1576 1462 1614 through
1475 1576 1531 1606 the
1545 1579 1629 1606 most
1642 1577 1718 1607 base

1085 1625 1203 1655 crowd.
1242 1624 1391 1654 Allnsion
1413 1625 1440 1654 is
1462 1625 1538 1655 here
1561 1626 1655 1655 made
1682 1627 1717 1656 to

1085 1674 1140 1703 the
1155 1676 1278 1703 custom
1291 1674 1328 1703 of
1339 1674 1588 1705 communicante
1606 1675 1719 1715 saying

1085 1722 1192 1760 Amen,
1216 1732 1304 1762 upon
1327 1723 1491 1762 reception
1512 1724 1549 1754 of
1566 1724 1622 1754 the
1649 1723 1718 1754 Eu-

1086 1773 1211 1803 charist.
1245 1772 1362 1811 Biugh.
1379 1773 1454 1804 Chr.
1468 1772 1551 1804 Aut.
1566 1782 1625 1805 xv.
1641 1782 1672 1813 5,
1687 1776 1717 1805 8.

1087 1822 1202 1862 Rigalt
1227 1826 1341 1862 quotes
1368 1824 1400 1854 S.
1430 1824 1518 1862 Aug.
1548 1824 1660 1855 Serm:
1676 1824 1719 1855 ad

1086 1872 1208 1902 Infant.
1226 1873 1265 1902 de
1288 1873 1394 1903 Sam-,2
1417 1872 1456 1903 Si
1476 1882 1550 1913 erqo
1570 1883 1626 1903 vos
1645 1874 1720 1905 estis

1087 1931 1201 1961 eorpus
1214 1921 1335 1952 Christi
1347 1925 1376 1952 et
1388 1923 1533 1961 membra,
1543 1923 1720 1962 mysterium

1087 1975 1219 2002 vestrum
1245 1972 1279 2001 in
1304 1981 1411 2002 mensa
1432 1972 1565 2002 Domini
1581 1973 1720 2012 positam

1088 2025 1132 2051 est
1144 2031 1155 2051 .·
1189 2022 1366 2060 mysterium
1400 2021 1533 2052 Domini
1563 2023 1718 2062 accipitis.

1087 2071 1142 2102 Ad
1162 2071 1198 2101 id
1217 2071 1303 2110 quod
1321 2072 1395 2102 estis
1413 2071 1514 2102 Amen
1529 2072 1721 2111 respondetis

1088 2123 1118 2152 et
1139 2121 1350 2160 respondendo
1372 2122 1579 2152 subscribitis.
1617 2121 1721 2153 Audis

1089 2180 1162 2210 erqo
1189 2171 1314 2210 Corpus
1342 2171 1463 2201 Christi
1492 2174 1522 2201 et
1554 2171 1720 2210 respondes

1087 2221 1195 2251 Amen.
1253 2221 1335 2250 Esto
1371 2220 1536 2251 membrum
1576 2221 1719 2260 corporis

1091 2270 1221 2307 Christi,
1234 2273 1269 2300 ut
1279 2279 1385 2300 verum
1398 2271 1441 2300 sit
1452 2269 1561 2301 Amen.
1593 2270 1670 2301 And
1684 2271 1717 2302 S.

1087 2320 1256 2356 Amin-ose,
1265 2320 1337 2349 Lib.
1347 2328 1395 2350 1v.
1407 2320 1447 2349 de
1456 2320 1593 2350 Sacram.
1603 2329 1672 2360 cap.
1682 2329 1718 2359 5:

1087 2368 1180 2399 Dicit
1197 2369 1255 2398 tibi
1275 2369 1432 2406 sacerdos,
1449 2368 1572 2408 Corpus
1587 2369 1719 2408 C'hristi,

1087 2420 1117 2447 et
1142 2421 1175 2447 tu
1204 2418 1294 2455 dicis,
1317 2418 1424 2455 Amen,
1448 2419 1506 2448 hoc
1527 2422 1583 2454 est,
1604 2428 1719 2450 verum.

1091 2467 1184 2506 Quod
1190 2469 1351 2506 confitetur
1357 2468 1577 2507 linqua,teraeat
1584 2468 1720 2508 affectus.

1090 2517 1202 2556 Rigalt
1216 2518 1282 2547 also
1296 2519 1454 2548 mentions
1474 2518 1528 2548 1110
1547 2519 1720 2557 complaint

1087 2567 1190 2606 urged
1204 2568 1243 2606 by
1257 2567 1423 2597 Cornelius
1436 2567 1557 2606 Bishop
1570 2567 1607 2596 of
1615 2566 1720 2598 Rome

1088 2616 1214 2655 against
1247 2616 1401 2654 Novatus,
1437 2617 1508 2647 that
1541 2617 1582 2647 he
1610 2617 1720 2647 forced

1090 2666 1339 2696 communicante
1365 2668 1400 2696 to
1427 2675 1529 2696 swear
1553 2666 1624 2697 that
1645 2667 1720 2707 11103
