1812 2956
486 185 596 224 'DE
629 183 1074 225 IDOLOLATRIA.
1112 182 1116 187 '
1417 176 1472 222 85

121 318 365 363 timiditati
399 323 572 363 nostrae
602 320 932 364 subscribimus
971 319 1191 363 adversus
1220 318 1361 362 fidem
1386 317 1476 361 dis·
1514 326 1554 358 c,
1570 326 1671 356 xm.

122 396 432 454 ciplinamque
473 411 782 441 communem.
854 397 931 441 De
968 397 1059 441 hoc
1098 396 1287 452 quidem
1323 395 1475 452 primo

123 474 387 526 consistam,
412 490 471 518 an
495 489 602 519 cum
625 475 736 532 ipsis
761 490 946 531 quoque
977 474 1244 518 nationibus
1272 488 1476 517 commu-

122 551 279 597 nicare
301 553 350 596 in
371 553 660 611 hujusmodi³
680 568 839 597 servus
861 553 954 597 Dei
975 553 1160 604 debeat,
1185 552 1280 596 sive
1297 551 1475 601 habitu,

123 629 219 674 sive
237 630 378 682 victu,
400 631 474 675 vel
496 646 589 686 quo
613 631 704 675 alio
722 645 897 688 genere
922 630 1098 674 laetitiae
1119 645 1293 674 earum.
1351 629 1477 672 Gau-

124 707 237 752 dere
261 723 368 752 cum
390 709 706 765 gaudentibus
731 712 781 751 et
804 708 967 765 lugere
992 722 1099 751 cum
1123 707 1391 764 lugentibus
1416 705 1476 748 de
1492 716 1681 744 Roman-15-

123 785 347 830 fratribus
379 786 559 830 dictum
587 790 661 830 est
694 786 754 829 ab
788 785 1002 842 apostolo
1033 785 1094 828 ad
1120 783 1474 827 unanimitatem

125 863 414 907 cohortante.
488 863 710 908 Ceterum
744 863 806 906 ad
845 863 947 906 haec
986 861 1100 905 nihil
1140 859 1477 904 communionis

120 945 199 985 est
220 940 383 984 lumini
406 945 457 986 et
479 941 699 992 tenebris,
728 941 836 984 vitae
861 944 910 984 et
933 939 1087 991 morti,
1117 943 1200 982 aut
1225 938 1477 982 scindimus
1494 950 1678 977 200r.vi.14„

126 1019 254 1075 quod
294 1023 368 1063 est
409 1019 647 1076 scriptum,
693 1017 926 1063 Saeculum
967 1017 1207 1075 gaudebit,
1248 1031 1330 1060 vos
1365 1031 1477 1061 vero
1495 1031 1675 1059 Joh.xvi.20.

124 1095 358 1154 lugebitis.
418 1097 467 1141 si
489 1112 596 1140 cum
617 1097 787 1141 saeculo
810 1097 1084 1154 gaudemus,
1110 1095 1364 1140 verendum
1390 1098 1476 1145 est,

125 1188 186 1219 ne
221 1189 329 1219 cum
365 1175 535 1219 saeculo
572 1179 623 1219 et
656 1175 910 1232 lugeamus.
976 1173 1157 1218 Saeculo
1181 1176 1341 1216 autem
1364 1188 1476 1229 gau-

127 1252 270 1297 dente
291 1252 548 1310 lugeamus,
574 1257 624 1296 et
655 1252 826 1296 saeculo
850 1256 1016 1308 postea
1037 1252 1230 1308 lugente
1254 1251 1478 1307 gaudebi-

122 1331 266 1374 ·mus⁴.
321 1330 397 1374 Sic
421 1333 471 1374 et
488 1330 708 1373 Eleazar⁵
731 1330 856 1386 apud
878 1329 1053 1373 inferos
1075 1329 1124 1371 in
1148 1329 1250 1371 sinu
1273 1328 1477 1371 Abrahae
1494 1346 1560 1373 Luc.
1574 1347 1625 1373 xvi.
1639 1345 1676 1372 22

127 1407 423 1465 refrigerium
460 1412 751 1458 consecutus,
794 1411 959 1452 contra
995 1407 1123 1450 dives
1157 1407 1206 1449 in
1241 1410 1479 1450 tormento

127 1485 249 1542 ignis
267 1485 563 1536 constitutus,
583 1485 785 1529 alternas
800 1485 1028 1529 malorum
1046 1488 1096 1528 et
1113 1485 1342 1528 bonorum
1355 1484 1480 1527 vices

124 1562 290 1607 aemula
311 1562 623 1607 retributione
647 1566 964 1619 compensant.
1023 1562 1142 1606 Sunt
1165 1561 1355 1617 quidam
1378 1561 1479 1605 dies

122 1643 409 1692 ·munerum⁶,
440 1655 544 1696 quae
583 1641 709 1697 apud
745 1640 860 1684 alios
890 1640 1079 1684 honoris
1115 1639 1318 1690 titulum,
1354 1639 1480 1696 apud.

117 1719 242 1763 alios
272 1719 502 1763 mercedis
537 1717 776 1762 debitum⁷
820 1722 1109 1775 expungunt.
1180 1717 1229 1761 N
1230 1732 1321 1761 unc
1350 1731 1478 1773 ergo,

127 1795 294 1852 inquis,
317 1796 540 1853 recipiam
567 1811 737 1847 meum,
763 1796 836 1840 vel
866 1796 1122 1853 rependam
1145 1796 1359 1840 alienum.
1432 1795 1482 1839 Si

127 1872 252 1918 hunc
286 1888 465 1917 morem
499 1874 586 1917 sibi
620 1874 832 1917 homines
868 1874 927 1918 de
963 1874 1293 1930 superstitione
1322 1887 1482 1917 conse-

129 1954 388 2002 craverunt,
420 1954 475 1994 tu
509 1955 762 1994 extraneus
798 1951 858 1994 ab
897 1951 1023 1994 omni
1060 1964 1223 1994 eorum
1260 1950 1480 2002 vanitate,

130 2068 274 2100 mention
295 2068 323 2099 in
346 2068 439 2099 made
466 2069 503 2099 of
527 2069 677 2100 Lazarus.
719 2069 773 2100 On
839 2068 1064 2100 Mercedonius
1078 2078 1136 2099 seu
1147 2068 1351 2100 Mercedinus
1365 2070 1483 2100 mensis

125 2119 338 2150 'Tertuuian’s
360 2119 491 2158 opinion
506 2129 541 2149 as
559 2122 594 2149 to
608 2119 665 2149 the
682 2119 774 2158 place
840 2120 954 2157 dictus,
976 2122 1154 2159 posteaque
1171 2120 1239 2150 dies
1253 2120 1429 2150 Mercedini
1449 2121 1483 2150 in

132 2169 170 2200 of
188 2169 244 2199 the
267 2169 355 2198 touls
385 2169 422 2198 of
443 2169 500 2199 the
527 2169 694 2208 departed,
721 2178 774 2199 see
840 2172 907 2200 tres
924 2179 1050 2200 menses
1066 2169 1200 2200 tributi-³
1223 2171 1301 2201 Καὶ.
1342 2170 1483 2210 Dodgs..

133 2218 253 2260 Kaye’s
266 2219 408 2250 Ten-tull.
425 2229 460 2259 p.
485 2228 552 2259 247,
570 2229 642 2259 sqq.
684 2220 775 2260 Kaye
839 2220 964 2250 ‘which
980 2229 1035 2250 are
1050 2220 1106 2250 the
1125 2223 1276 2259 payment
1296 2220 1375 2250 with
1396 2230 1486 2251 some

132 2272 249 2309 quotes
272 2270 358 2300 Adv.
373 2269 474 2300 Mare.
491 2278 539 2301 lv.
563 2279 592 2300 c.
609 2279 668 2308 34:
688 2269 775 2299 Eam
842 2270 879 2299 of
898 2279 938 2299 an
962 2270 1067 2300 honor
1087 2270 1160 2307 due,
1180 2270 1259 2299 with
1280 2270 1389 2300 others
1412 2271 1449 2300 of
1465 2280 1486 2300 a

131 2320 240 2360 itaque
253 2320 408 2360 reqionem
421 2320 523 2350 sinum
538 2320 609 2351 dico
622 2320 776 2356 Abrahoe,
842 2321 920 2351 debt
937 2321 989 2350 for
1008 2330 1028 2350 a
1046 2321 1138 2350 hired
1159 2321 1306 2351 service!
1341 2321 1486 2351 Honoris

133 2370 192 2400 etsi
204 2379 266 2400 non
280 2370 438 2406 coeleetem,
451 2370 662 2400 sublimiorem
674 2374 776 2400 tamen
843 2370 977 2401 titulum.
1008 2371 1067 2401 See
1078 2371 1190 2408 above,
1200 2380 1227 2401 c.
1239 2381 1286 2408 10,
1296 2371 1482 2402 honoraria.

132 2419 257 2460 inseris,
270 2420 396 2450 interim
409 2420 614 2460 refriqerium
623 2421 776 2459 proebitu-
842 2420 1005 2451 Mer-cedis
1022 2420 1167 2457 debitum,
1189 2430 1224 2451 as
1244 2421 1277 2450 in
1296 2422 1352 2451 the
1367 2431 1438 2451 ease
1452 2423 1490 2452 of

132 2479 175 2500 ηε
184 2469 520 2507 animabuejustorum‚
530 2470 627 2501 donec
634 2479 775 2500 consum-
843 2471 899 2501 the
908 2471 977 2501 ludi
990 2471 1149 2510 maqieter,
1159 2481 1186 2502 c.
1199 2481 1246 2501 10.
1277 2471 1392 2511 Comp.
1402 2471 1426 2502 J
1428 2482 1486 2503 uv.

132 2520 230 2551 ηιαίἰο
249 2529 354 2550 rerum
368 2520 625 2550 resurrectionem
642 2520 777 2550 omnium
845 2521 912 2551 Sat.
930 2529 991 2551 vn.
1011 2530 1081 2558 119:
1106 2521 1201 2560 Quod
1217 2521 1303 2552 vocis
1317 2522 1456 2561 pretium
1469 2522 1486 2552 .⁹

127 2570 326 2611 plenitudine
339 2570 490 2601 mercedis
502 2574 673 2610 erpunqat.
835 2570 956 2601 'Siccus
965 2571 1200 2609 petasunculus,
1218 2575 1280 2602 etc.
1311 2572 1400 2602 Pers.
1417 2573 1486 2604 Sat.

195 2619 210 2638 ⁶
229 2619 298 2650 dies
310 2629 481 2650 munerum.
502 2619 563 2651 See
576 2621 776 2658 above‚c.10.
844 2629 898 2651 ιιι.
922 2628 974 2658 75:
996 2619 1044 2650 Et
1064 2620 1163 2660 piper
1185 2625 1214 2651 et
1234 2630 1353 2662 pernoe,
1375 2621 1487 2653 Marsa·

194 2668 209 2691 ⁷
228 2669 379 2700 mercedis
405 2669 552 2701 debitum.
607 2670 718 2701 ‘Unde
744 2673 778 2701 et
844 2672 1038 2700 monumenta
1051 2670 1183 2702 clientis.
