1812 2956
161 534 239 559 office
251 535 278 559 in
290 535 353 561 hea-

161 564 226 589 then
239 572 321 590 coun-

159 594 222 619 tries
231 598 304 620 must
314 596 348 621 be

159 626 299 650 answered
311 626 339 651 in

158 655 204 679 the
216 656 346 687 negative,

158 684 273 710 because
285 687 331 712 the

157 714 272 745 insignia
282 717 311 741 of

157 746 326 775 magistrates

157 775 225 800 have
238 777 309 802 their

157 806 243 830 orioin
254 807 282 831 in

155 825 240 861 idol’at
273 854 280 861 .

156 866 224 890 Gen.
238 844 335 893 1¹31.ss-

154 896 225 922 Dan.
237 904 261 923 v.
275 898 313 924 29.

389 187 446 231 96
748 194 1156 232 TERTULLIANI
1186 196 1364 233 LIBER

178 332 348 366 c.xvn.
487 323 610 366 Hinc
640 322 850 378 proxime
881 323 1133 379 disputatio
1164 325 1329 368 oborta
1357 327 1441 376 est,
1470 340 1529 368 an
1563 339 1720 379 servus

162 389 364 469 ff
384 399 478 442 Dei
514 399 705 455 alicujus
742 399 982 456 dignitatis
1027 405 1108 444 aut
1153 402 1397 457 potestatis
1434 402 1720 446 administra-

162 473 312 535 31¹2?ssssssss
382 477 559 519 tionem
605 476 770 532 capiat,
809 476 847 520 si
883 477 942 520 ab
983 478 1107 521 omni
1145 478 1298 534 specie
1335 478 1607 522 idololatriae
1652 479 1718 523 in-

381 556 561 596 tactum
590 568 640 597 se
670 557 752 597 aut
779 554 931 610 gratia
960 554 1112 609 aliqua
1140 559 1222 598 aut
1244 555 1415 598 astutia
1439 555 1580 598 etiam
1602 570 1718 612 prae-

381 633 504 673 stare
527 630 685 686 possit,
723 631 976 674 seeundum
1011 632 1137 685 quod
1172 635 1220 674 et
1254 632 1429 689 Joseph
1465 636 1514 676 et
1546 632 1716 685 Daniel

379 707 540 749 mundi
567 707 626 750 ab
661 706 922 750 idololatria
956 711 1006 750 et
1042 707 1318 763 dignitatem
1355 711 1404 751 et
1433 711 1715 764 potestatem

378 784 814 828 administraverunt
841 784 889 826 in
920 788 1191 827 ornamento
1222 788 1271 827 et
1298 799 1499 841 purpura
1525 785 1715 842 praefec-

377 864 495 904 turae
541 861 687 904 totius
732 861 925 917 AEgypti
971 861 1066 905 sive
1112 861 1390 918 Babyloniae.

1483 862 1711 912 Cedamus

374 937 532 991 itaque
563 937 813 981 succedere
843 938 980 981 alicui
1007 952 1155 993 posse,
1181 941 1234 980 ut
1256 938 1304 980 in
1328 953 1514 993 quoquo
1535 938 1711 984 honore

373 1013 421 1056 in
456 1014 554 1057 solo
590 1014 776 1058 honoris
812 1015 997 1057 nomine
1036 1015 1235 1065 incedat,
1273 1029 1424 1070 neque
1470 1016 1707 1068 sacrificet,

372 1106 523 1146 neque
562 1092 793 1136 sacrificiis
840 1092 1167 1135 auctoritatem
1205 1107 1334 1135 suam
1370 1093 1705 1145 accommodet,

371 1184 464 1212 non
500 1169 673 1213 hostias
707 1170 866 1220 locet³,
902 1184 995 1212 non
1030 1183 1162 1212 curas
1196 1169 1476 1225 templorum
1505 1170 1705 1227 deleget,

370 1261 463 1288 non
486 1246 731 1302 vectigalia
754 1261 914 1290 eorum
938 1248 1168 1301 procuret,
1193 1260 1284 1288 non
1309 1246 1573 1301 spectacula
1596 1245 1707 1290 edat

369 1322 429 1366 de
467 1337 550 1366 suo
588 1326 669 1366 aut
707 1322 766 1366 de
802 1322 988 1378 publico
1026 1326 1108 1365 aut
1153 1322 1345 1365 edendis
1390 1323 1558 1379 praesit,
1594 1323 1706 1367 nihil

368 1398 588 1442 sollemne
623 1398 893 1455 pronuntiet
925 1398 998 1442 vel
1029 1398 1196 1448 edicat,
1234 1413 1292 1442 ne
1320 1399 1451 1455 juret
1490 1399 1702 1455 quidem;

358 1476 458 1531 jam
494 1491 604 1519 vero
642 1490 744 1531 quae
782 1479 890 1518 sunt
926 1475 1185 1532 potestatis,
1233 1489 1384 1530 neque
1421 1476 1606 1532 judicet
1642 1477 1702 1521 de

367 1553 520 1607 eapite
545 1552 736 1608 alicujus
760 1556 841 1595 aut
855 1553 1056 1608 pudore4
1085 1552 1222 1607 (feras
1246 1552 1369 1595 enim
1394 1552 1453 1595 de
1474 1553 1700 1610 pecunia),

364 1642 515 1682 neque
540 1628 729 1671 damnet
753 1643 903 1683 neque
926 1628 1246 1684 praedamnet⁵,
1263 1627 1494 1671 neminem
1516 1629 1698 1681 vinciat,

361 1704 594 1747 neminem
628 1704 839 1748 recludat
873 1708 954 1748 aut
992 1707 1223 1759 torqueat,
1263 1703 1301 1747 si
1338 1703 1438 1748 haec
1477 1705 1699 1750 credibile

417 1822 432 1841 ⁸
452 1824 573 1854 hostias
595 1823 684 1854 locet.
720 1823 836 1861 locare,
856 1825 909 1853 ‘to
933 1826 993 1863 put

359 1875 416 1903 out
430 1873 485 1903 the
499 1872 673 1910 contract3'
690 1873 851 1908 redimere,
861 1874 909 1902 ‘to
919 1873 994 1902 take

356 1923 383 1952 it
405 1922 473 1961 up.’
514 1923 639 1960 Above,
663 1932 690 1952 e.
714 1932 770 1953 11:
791 1922 993 1961 publicarum

355 1972 554 2002 victimarum
567 1972 751 2011 redemptor.
780 1973 885 2002 Plaut.
895 1972 992 2011 Capt.

357 2031 403 2052 lv.
417 2032 443 2059 2,
453 2032 504 2060 39:
523 2022 586 2061 Qui
596 2023 700 2052 locant
711 2021 871 2052 credendos
881 2031 989 2060 aqnos.

356 2072 470 2102 Aulul.
493 2080 547 2101 111.
567 2075 597 2108 6,
617 2082 672 2110 32:
694 2072 775 2102 loces
794 2071 990 2111 efferendum.

355 2121 435 2151 Hor.
459 2120 529 2151 Sat.
554 2130 576 2151 1.
602 2123 630 2158 8,
651 2130 687 2159 9:
711 2120 808 2158 ejecta
832 2121 991 2151 cadavera

353 2171 441 2201 cellis
458 2171 630 2201 Conservus
647 2171 705 2200 vili
720 2171 885 2209 portanda
905 2171 990 2200 loca-

353 2221 407 2250 bat
429 2220 462 2249 in
483 2229 574 2255 arca,
597 2219 703 2249 where
723 2229 810 2249 some
831 2219 990 2258 interpret

353 2269 478 2299 locabat
491 2268 604 2307 simply
618 2269 627 2284 ‘
637 2268 771 2307 placed.'

412 2318 425 2336 ⁴
439 2318 573 2357 pudore,
585 2317 726 2347 ‘honon’
749 2317 898 2347 Neander
908 2317 988 2355 (An-

350 2368 487 2407 tignost.
509 2377 540 2406 p.
565 2367 647 2406 232),
670 2368 844 2398 illustrates
865 2367 928 2397 this
947 2368 988 2407 by

350 2418 493 2456 Apolog.
509 2427 536 2447 c.
552 2427 587 2454 4:
608 2417 650 2447 In
662 2417 798 2456 pudoris
816 2420 921 2447 notam
935 2426 987 2447 ca-

344 2467 426 2505 pitis
433 2475 529 2505 poena
540 2475 700 2497 conversa.
724 2467 839 2505 Comp.
849 2466 899 2496 De
909 2466 984 2496 Cor.

349 2525 376 2545 c.
408 2525 462 2545 11:
495 2516 542 2545 Et
571 2516 698 2546 vincula
724 2519 753 2546 et
779 2525 934 2546 carcerem
957 2519 986 2546 et

347 2568 500 2595 tormenta
517 2569 546 2595 et
561 2565 721 2604 supplicia
741 2566 985 2602 administrabit,

346 2623 401 2644 nec
419 2624 548 2644 suarum
561 2615 646 2645 ultor
655 2614 849 2652 >injuriarum
861 2614 877 2645 ?

406 2662 420 2681 ⁶
439 2672 534 2702 neque
557 2664 716 2695 damnet...
753 2665 912 2695 ‘Damnat
927 2664 983 2704 ju-

1061 1822 1132 1859 dex,
1159 1823 1358 1861 praedamnat
1385 1820 1559 1862 legishtor.
1602 1823 1698 1854 Utro-

1062 1881 1124 1910 que
1141 1872 1299 1902 abstineat
1314 1871 1522 1910 Christianus,
1539 1881 1644 1912 neque
1657 1874 1697 1904 de

1061 1921 1166 1959 capite
1193 1921 1379 1960 cujusquam
1412 1924 1470 1951 aut
1501 1921 1607 1962 legem
1639 1925 1697 1954 aut

1060 1970 1251 2001 sententiam
1270 1970 1375 2001 ferat?
1414 1969 1498 2002 Rm.

1120 2020 1178 2051 Ch.
1196 2020 1328 2051 XVIII.
1372 2020 1381 2039 ¹
1403 2020 1482 2051 Jam
1500 2030 1584 2051 vero.
1625 2021 1694 2053 'she

1059 2070 1237 2108 separation
1253 2070 1289 2099 of
1300 2069 1363 2100 this
1379 2073 1528 2100 sentence
1541 2070 1624 2101 from
1637 2071 1694 2102 the

1057 2120 1237 2159 foregoing‚
1252 2119 1284 2148 in
1308 2120 1402 2149 order
1421 2123 1456 2150 to
1475 2120 1571 2159 begin
1589 2130 1609 2150 a
1621 2129 1693 2151 new

1060 2170 1203 2209 Chapter
1216 2170 1294 2200 with
1307 2179 1327 2199 a
1340 2179 1412 2200 new
1431 2171 1622 2209 paragraph,
1636 2171 1693 2201 has

1056 2219 1169 2249 misled
1182 2219 1399 2258 interpretem.
1437 2219 1506 2249 The
1519 2220 1624 2250 actual
1637 2229 1693 2250 an·

1056 2277 1138 2297 swer
1162 2270 1197 2297 to
1217 2268 1272 2297 the
1288 2268 1435 2307 question
1459 2277 1494 2298 as
1517 2271 1552 2298 to
1573 2269 1690 2308 magis-

1055 2320 1142 2356 tracy
1151 2317 1178 2346 is
1189 2318 1262 2356 only
1271 2317 1346 2347 here
1356 2318 1570 2348 commenced.
1590 2319 1601 2334 ‘
1609 2318 1691 2357 Sup-

1054 2366 1154 2406 pose,’
1170 2376 1240 2406 says
1255 2366 1390 2403 Tertu1.,
1404 2367 1413 2382 ⁸
1426 2367 1478 2396 for
1491 2367 1689 2406 argument's

1054 2417 1139 2454 sake,
1165 2417 1238 2446 that
1267 2426 1286 2446 a
1315 2416 1476 2446 Christian
1502 2417 1688 2456 magistrate

1053 2467 1147 2496 could
1170 2467 1263 2496 avoid
1284 2467 1328 2496 all
1351 2467 1442 2496 those
1464 2467 1578 2504 duties,
1601 2468 1687 2498 ordi—

1052 2526 1130 2556 nary
1151 2516 1214 2546 and
1234 2516 1483 2555 extraordinary,
1504 2516 1608 2546 which
1631 2525 1686 2546 are

1051 2566 1107 2596 the
1116 2566 1253 2604 especial
1262 2565 1421 2594 functions
1430 2565 1467 2594 of
1471 2565 1686 2604 magistrate&

1050 2619 1104 2655 yet
1122 2625 1162 2645 an
1186 2614 1398 2645 examination
1412 2614 1448 2644 of
1465 2614 1520 2644 the
1534 2623 1620 2645 mere
1633 2615 1683 2644 in-

1050 2665 1154 2704 signia
1168 2665 1204 2694 of
1214 2664 1304 2694 office
1317 2663 1383 2694 will
1396 2663 1483 2693 show
1494 2663 1580 2694 them
1594 2666 1630 2694 to
1643 2664 1684 2694 be
