1812 2956
351 217 408 259 30
704 224 1115 262 TERTULLIANI
1153 226 1329 263 LIBER

159 363 314 395 c.xl11.
352 350 647 400 abstinemus,
674 365 776 404 quae
799 365 892 394 non
922 351 1151 395 intestinis
1179 352 1508 408 transiguntur,
1532 341 1685 396 sedin

135 441 267 498 {ga-twa
352 425 452 481 ipso
488 426 652 481 spiritu
676 430 725 469 et
748 426 900 469 anima
929 427 1216 483 digeruntur,
1242 442 1437 483 quorum
1459 429 1686 472 munditia

353 502 499 558 magis
523 502 584 545 ad
604 503 760 546 Deum
780 504 996 559 pertinet,
1022 519 1159 559 quam
1182 505 1517 548 intestinorum.

162 605 200 635 Ο,
217 605 313 637 XIV·
447 579 586 622 Nunc
609 579 882 636 interposito
905 580 1113 624 nomine¹
1147 581 1432 632 idololatriae,
1457 582 1584 637 quod
1616 595 1686 625 so-

137 659 337 714 {fflgsdssgffmt
353 655 448 698 lum
487 656 747 712 subjectum
778 657 987 700 sufficere
1022 657 1217 701 deberet
1249 658 1311 701 ad
1347 659 1688 703 abdicationem

137 720 184 744 onl
208 727 238 744 as
248 720 327 750 being

137 750 182 774 mo
193 752 293 780 mous,
355 733 736 789 spectaculorum,
760 734 849 776 alia
862 735 962 790 jam
984 734 1164 778 ratione
1187 738 1441 779 tractemus
1465 750 1524 779 ex
1547 735 1688 778 abun-

137 780 187 805 but
198 780 254 805 also
265 787 295 805 as

137 810 264 835 included
279 817 307 835 a·

138 841 339 871 mongworldly
356 810 498 861 danti,
546 814 737 867 propter
773 826 854 854 eos
894 811 1094 855 maxime
1132 812 1211 867 qui
1251 812 1338 856 sibi
1377 812 1687 862 blandiuntur,

137 871 221 900 ΜΨ
357 888 482 942 quod
499 903 592 931 non
605 889 877 932 nominatim
900 889 1179 932 abstinentia
1194 890 1284 933 ista
1303 889 1570 946 praescripta
1592 888 1687 939 sit2,

358 965 487 1019 quasi
504 980 667 1020 parum
689 965 829 1008 etiam
847 966 905 1008 de
927 966 1202 1022 spectaculis
1221 966 1558 1023 pronuntietur,
1583 979 1690 1009 cum

138 1066 187 1093 mit.
199 1065 224 1090 ii.
237 1065 275 1090 12.
357 1042 742 1098 concupiscentiae
775 1043 930 1086 saeculi
959 1043 1246 1086 damnantur.
1315 1043 1439 1086 Nam
1471 1043 1591 1086 sicut
1612 1056 1690 1098 pe-

357 1119 505 1162 cuniae
535 1119 609 1162 vel
645 1119 885 1175 dignitatis
917 1120 990 1163 vel
1016 1120 1138 1176 gulae
1161 1120 1234 1164 vel
1260 1120 1462 1163 libidinis
1488 1119 1562 1163 vel
1593 1119 1690 1175 glo-

356 1196 450 1246 riae,
483 1196 550 1239 ita
587 1200 636 1239 et
669 1197 918 1252 voluptatis
955 1198 1329 1254 concupiscentia
1357 1201 1440 1242 est.
1505 1196 1691 1252 Species

359 1276 516 1315 autem
552 1273 801 1328 voluptatis
841 1274 1116 1329 spectacula.
1189 1275 1378 1330 Opinor,
1413 1272 1692 1330 generaliter

359 1350 606 1392 nominatae
630 1349 1015 1405 concupiscentiae
1039 1351 1279 1394 continent
1312 1350 1360 1393 in
1391 1364 1440 1393 se
1466 1353 1517 1393 et
1537 1348 1693 1404 volup-

359 1429 506 1477 tates3
540 1441 671 1481 aeque
694 1426 974 1482 generaliter
997 1427 1246 1471 intellectae
1268 1426 1528 1483 voluptates
1550 1425 1693 1482 speci·
1738 1432 1741 1435 '

360 1502 496 1545 aliter
517 1506 567 1546 et
589 1503 636 1545 in
661 1503 924 1559 spectacula
947 1503 1244 1547 disseruntur.

142 1589 320 1616 andbecause
432 1627 434 1629 ,
454 1580 674 1623 Ceterum
694 1580 933 1623 retulimus
952 1582 1111 1636 supra³
1127 1580 1186 1623 de
1200 1581 1407 1624 locorum
1428 1579 1694 1623 conditione

143 1622 213 1645 from
224 1620 294 1645 their

144 1658 209 1682 very
219 1652 316 1675 nature

145 1682 210 1735 ‘heys
220 1681 302 1736 2135-
364 1656 490 1710 quod
512 1670 605 1699 non
633 1670 717 1711 per
740 1657 987 1712 semetipsa
1016 1670 1100 1699 nos
1130 1656 1384 1711 inquinent,
1409 1656 1492 1699 sed
1521 1669 1605 1711 per
1639 1668 1695 1698 ea

145 1718 198 1743 rup
262 1718 309 1736 ris-

144 1743 206 1796 {1³22}ss
215 1742 315 1797 gggtle-
365 1746 466 1787 quae
501 1732 593 1775 illic
627 1736 865 1789 geruntur,
912 1748 995 1789 per
1036 1748 1137 1788 quae
1172 1732 1306 1776 simul
1349 1733 1696 1788 inquinamenta

364 1810 684 1860 combiberint,
698 1813 810 1853 tunc
829 1814 878 1852 et
894 1810 941 1852 in
959 1810 1153 1862 akeros4
1169 1812 1404 1865 respuunt.
1453 1808 1478 1835 '²¹²
1490 1808 1694 1852 Viderit¹

146 1802 324 1834 tranquillity.

424 1926 484 1957 Ch.
501 1926 597 1956 XIV.
635 1925 645 1943 ¹
666 1926 795 1957 nomine.
831 1926 912 1956 Cod.
932 1926 1001 1966 Ag.
1124 1926 1140 1946 ⁴
1178 1927 1212 1957 in
1245 1927 1374 1962 alteros,
1417 1935 1463 1957 sc.
1496 1927 1696 1965 spectatores.

363 1976 427 2006 and
435 1976 662 2016 Gangn.nosse
671 1986 708 2006 ne
716 1976 914 2007 idololatriae.
928 1977 1000 2008 Gel.
1065 1978 1147 2008 alter
1166 1978 1193 2007 is
1215 1978 1294 2007 used
1314 1977 1366 2006 for
1386 1976 1490 2016 quivis
1509 1975 1603 2006 alius.
1644 1975 1696 2005 De

364 2035 453 2055 nosse
473 2035 510 2055 ne
531 2026 727 2056 idololatria.
768 2026 888 2056 Pamel.
913 2035 1002 2056 nosse
1067 2027 1142 2058 Cor.
1164 2036 1191 2057 c.
1207 2037 1259 2058 12:
1273 2026 1410 2066 proinde
1425 2026 1513 2056 miles
1531 2034 1571 2056 ac
1589 2033 1696 2055 cervus

366 2077 404 2106 de
426 2077 622 2107 idololatria.
663 2077 767 2106 These
786 2079 852 2106 two
871 2077 934 2107 last
946 2086 1000 2107 arc
1065 2077 1197 2108 alterius
1210 2086 1253 2107 es.
1287 2077 1396 2116 Scorp.
1411 2085 1440 2107 c.
1456 2084 1507 2114 15:
1526 2075 1644 2106 Petrus
1655 2074 1705 2114 ab·

367 2127 527 2166 evidently
550 2129 704 2165 attempts
732 2129 765 2156 to
792 2130 915 2157 correct
944 2127 1000 2157 the
1065 2127 1166 2157 altero
1182 2127 1328 2166 cinqitur.
1369 2126 1553 2164 Respuune:
1577 2124 1697 2154 Ochler

366 2179 447 2206 text.
488 2177 609 2206 nomine
625 2176 652 2205 is
667 2177 722 2206 the
742 2177 849 2215 happy
865 2177 1000 2215 conject.
1066 2180 1180 2216 quotes
1203 2178 1286 2207 Adv.
1307 2177 1408 2206 Marc.
1428 2184 1468 2206 11.
1489 2185 1525 2214 9:
1548 2174 1696 2205 Libertas

368 2226 405 2255 of
411 2226 554 2257 Ursinus.
575 2226 757 2265 interposito
771 2227 846 2265 Rig.
858 2226 1000 2265 explains
1065 2227 1195 2257 arbitrii
1210 2236 1271 2256 non
1283 2226 1313 2256 ei
1326 2226 1450 2265 culpam
1463 2234 1552 2255 suam
1566 2226 1696 2263 respuet,

369 2276 506 2315 ‘having
532 2276 613 2306 been
634 2278 694 2314 put
715 2276 822 2314 aside,’
848 2285 882 2305 as
903 2276 1000 2305 inter·
1065 2286 1087 2307 a
1107 2286 1167 2315 quo
1195 2276 1273 2306 data
1300 2278 1354 2312 est,
1376 2275 1432 2305 sed
1456 2283 1479 2304 a
1499 2284 1560 2314 quo
1582 2283 1643 2304 non
1662 2276 1698 2304 ut

367 2327 470 2356 misso.
507 2326 644 2357 Oehler:
667 2327 757 2356 ‘cum
778 2326 855 2355 satis
871 2325 1000 2354 interim
1065 2325 1169 2356 debuit
1182 2324 1406 2354 administrata
1419 2327 1473 2354 est.

367 2379 492 2406 constet
501 2374 886 2407 denomineidololatriae.’
909 2375 1001 2404 More
1126 2375 1186 2405 Ch.
1211 2374 1287 2404 XV.
1331 2373 1338 2392 ¹
1361 2373 1485 2403 viderit.
1527 2372 1608 2402 ‘Let
1640 2371 1697 2402 the

367 2427 533 2466 probably,
556 2427 691 2466 ‘having
708 2426 820 2465 placed
839 2425 894 2455 the
908 2434 1000 2455 name
1065 2425 1150 2455 chief
1162 2423 1340 2454 accusation
1355 2423 1449 2462 pass?
1482 2422 1540 2452 See
1554 2421 1606 2452 De
1622 2421 1697 2452 Cor.

368 2477 406 2506 of
435 2476 572 2515 idolatry
594 2485 628 2505 as
655 2485 675 2505 a
700 2475 822 2505 barrier
853 2476 1000 2505 between
1065 2483 1094 2506 c.
1109 2484 1135 2511 2,
1151 2482 1182 2503 n.
1202 2483 1229 2511 3.

370 2525 548 2555 Christians
561 2525 624 2554 and
635 2525 751 2560 shows,
762 2525 779 2553 I
788 2524 854 2569 gill
866 2523 1001 2563 proceed
1124 2522 1138 2540 ⁹
1158 2522 1348 2552 contrarias.
1370 2521 1446 2552 ‘Let
1465 2531 1502 2551 us
1523 2514 1621 2560 bring:
1630 2519 1698 2550 for-

368 2578 404 2604 to
418 2575 491 2612 give
505 2574 596 2604 other
609 2583 738 2604 reasons
751 2583 789 2603 ex
803 2572 1001 2603 abundanti.⁹
1065 2573 1153 2603 ward
1167 2573 1223 2602 the
1236 2572 1415 2611 remaining
1429 2571 1576 2610 qualities
1589 2570 1626 2600 of
1642 2570 1697 2600 the

427 2623 441 2640 ²
456 2624 541 2661 quod
548 2633 608 2652 non
621 2623 802 2653 nominatim
814 2622 1002 2653 abstinentia
1066 2622 1186 2661 objeots
1209 2621 1408 2658 themselves,
1431 2621 1475 2650 all
1498 2621 1534 2650 of
1553 2620 1641 2650 them
1663 2621 1698 2649 at

369 2672 432 2702 ista
439 2673 630 2711 proescripta
643 2673 698 2703 sit.
732 2673 845 2712 Comp.
861 2672 912 2702 De
925 2671 999 2702 Cor.
1065 2671 1209 2701 vau-ianoe
1221 2671 1299 2700 with
1311 2670 1404 2700 God.’
1427 2669 1616 2700 Contrarias
1625 2668 1700 2704 Dei,

369 2732 399 2753 c.
415 2732 443 2760 1,
458 2723 521 2751 and
535 2723 644 2759 above,
658 2732 685 2753 c.
701 2733 730 2762 3.
1065 2729 1100 2750 as
1119 2721 1230 2756 above,
1250 2729 1278 2749 c.
1309 2729 1337 2756 2,
1361 2719 1426 2749 Dei
1446 2719 1613 2749 inimicum.
1646 2717 1698 2748 De

428 2771 442 2790 ³
460 2780 560 2810 supra
572 2782 583 2802 .-
606 2780 632 2802 c.
648 2773 676 2801 8.
1066 2769 1150 2800 Idol.
1165 2779 1192 2800 c.
1209 2771 1262 2800 18:
1283 2768 1428 2799 inimicas
1436 2767 1512 2798 Dei.
1532 2767 1628 2797 Lucr.
1643 2774 1699 2797 111.
