1812 2956
334 173 418 215 156
708 176 1110 214 TER-romum
1143 165 1320 212 LIBER

135 320 174 351 c.
191 319 287 352 xlv.
335 316 509 352 sertum
532 323 616 364 pro
640 311 838 362 utroque
857 322 972 351 sexu
996 307 1173 351 subiit?
1240 307 1316 349 Ex
1338 307 1478 363 spinis
1502 306 1665 363 opinor

117 486 184 512 Gen.
198 487 232 513 iii.
244 488 284 514 17.

115 518 129 541 1
142 518 201 542 Cor.
214 519 229 543 i.
243 519 279 543 18.

115 547 129 571 1
142 548 200 573 Cor.
214 555 255 573 xv.
269 549 306 574 55.

117 627 183 651 Gen.
196 627 230 653 iii.
243 628 280 653 15.

112 784 155 809 Es.
169 784 187 809 l.
201 785 222 810 6.

112 815 188 870 ἐξιεῖ.
204 816 283 841 xxvii.

111 1320 152 1344 Ps.
163 1319 224 1344 lxix.
234 1320 271 1344 21.

110 1351 189 1375 Matt.
201 1350 280 1375 xxvii.

110 1381 154 1434 133432
167 1411 235 1435 xxiv.
249 1411 271 1437 7.

110 1441 186 1498 {gath
197 1441 275 1466 xxvii.

110 1554 154 1580 1‘2.
167 1555 219 1580 viii.
232 1556 255 1581 5.

335 389 384 429 et
414 385 607 436 tribulis,
637 386 684 427 in
715 385 909 440 figuram
944 384 1233 434 delictorum,
1267 392 1366 438 qme
1400 384 1532 428 nobis
1561 398 1665 441 pro-

333 461 442 504 tulit
486 465 613 504 terra
659 462 824 512 carnis,
870 461 1062 504 abstulit
1101 465 1259 504 autem
1299 461 1444 504 virtus
1489 461 1665 513 crucis;

334 552 493 581 omnes
516 538 703 581 aculeos
726 538 889 581 mortis
911 538 959 580 in
988 537 1207 580 dominici
1231 537 1394 593 capitis
1416 537 1665 581 tolerantia

333 614 608 658 obtundens.

333 695 550 747 promptu
584 694 655 734 est
697 695 746 734 et
784 691 1084 735 dedecoratio
1121 695 1171 734 et
1215 691 1457 747 turpitudo
1500 694 1550 734 et
1594 690 1665 735 his

334 768 536 823 implexa
559 767 743 819 saevitia,
769 782 868 822 quae
885 771 997 810 tunc
1021 767 1212 810 Domini
1233 771 1446 823 tempora
1464 766 1665 819 foedave-

333 848 443 887 runt
466 848 515 887 et
537 844 896 895 lancinaverunt,
921 844 991 886 uti
1024 847 1077 886 tu
1107 859 1229 887 nunc
1258 843 1416 887 laurea
1438 847 1488 887 et
1510 846 1665 899 myrto

332 925 382 964 et
418 920 521 963 olea
552 925 601 964 et
637 921 803 964 illustri
838 921 991 975 aliqua
1027 921 1208 972 fronde,
1248 925 1312 973 et,
1351 921 1476 976 quod
1516 921 1665 977 magis

330 997 433 1041 usui
464 1003 548 1048 est,
578 998 880 1041 centenariis⁴
909 1013 1094 1052 quoque
1125 999 1240 1042 rosis
1272 999 1331 1042 de
1361 998 1498 1041 horto
1521 997 1664 1041 Midae

329 1074 462 1117 lectis
484 1079 533 1118 et
548 1076 757 1130 utrisque
775 1075 880 1118 liliis
888 1077 917 1126 ⁵,
943 1079 992 1118 et
1010 1075 1220 1118 omnibus
1243 1075 1397 1118 violis⁶
1415 1075 1662 1126 coronaris,

332 1151 474 1193 etiam
505 1153 699 1207 gemmis
730 1152 926 1194 forsitan
956 1155 1006 1195 et
1040 1167 1166 1202 auro,
1191 1155 1244 1194 ut
1271 1155 1321 1195 et
1343 1151 1467 1194 illam
1494 1151 1665 1195 Christi

333 1242 552 1270 coronam
583 1228 822 1282 aemuleris,
849 1243 950 1283 quae
982 1232 1145 1284 postea
1172 1228 1215 1271 ei
1249 1228 1450 1278 obvenit,
1475 1228 1582 1283 quia
1614 1231 1666 1271 et

331 1302 461 1345 favos
489 1307 596 1359 post
628 1302 760 1346 fella⁷
793 1303 1009 1359 gustavit,
1041 1318 1128 1346 nec
1163 1307 1272 1346 ante
1307 1317 1393 1346 rex
1426 1302 1585 1358 gloriae
1615 1301 1664 1344 in

333 1379 592 1423 coelestibus
626 1379 850 1423 salutatus
885 1384 969 1430 est,
995 1394 1133 1434 quam
1163 1394 1248 1422 rex
1270 1379 1539 1422 Judaeorum
1560 1393 1664 1434 pro-

674 617 813 658 Certe
851 618 1022 672 praeter
1067 615 1260 670 figuram
1306 614 1586 658 contumelia
1615 614 1665 656 in

331 1456 529 1512 scriptus
571 1457 710 1507 cruci,
752 1457 1007 1500 minoratus
1043 1458 1192 1513 primo
1230 1471 1259 1499 a
1293 1457 1437 1499 Patre
1475 1455 1663 1498 modico

329 1533 442 1587 quid
480 1534 598 1576 citra
639 1534 842 1590 angelos,
872 1538 921 1577 et
956 1534 1024 1576 ita
1060 1534 1208 1590 gloria
1243 1538 1293 1576 et
1327 1533 1503 1576 honore
1536 1546 1666 1575 coro-

327 1614 477 1653 natus.
550 1611 598 1653 Si
634 1612 694 1653 ob
730 1611 829 1653 haec
864 1615 1005 1667 caput
1042 1612 1086 1653 ei
1119 1614 1253 1653 tuum
1290 1610 1446 1660 debes,
1481 1609 1589 1660 tale,
1625 1609 1664 1653 si

384 1713 399 1731 ⁴
419 1714 615 1745 centenariis.
648 1715 718 1744 The
731 1715 859 1744 ancient
871 1715 962 1744 read-

322 1763 381 1802 ing
414 1773 479 1793 was
511 1765 693 1794 centaureis.
741 1765 889 1794 Rhenan.
922 1765 964 1803 by

1028 1723 1088 1743 nas
1101 1714 1189 1750 addi,
1200 1716 1408 1753 praeterquam
1420 1715 1570 1742 extremos
1583 1712 1666 1743 velut

1029 1764 1075 1794 ad
1086 1764 1241 1794 cardines.

324 1813 406 1851 conj.
415 1814 608 1850 centenariis,
615 1814 765 1843 followed
773 1814 814 1852 by
825 1814 964 1852 Gangn.‚

328 1863 399 1892 Gel.
414 1863 477 1892 and
491 1864 612 1893 Pamel.
653 1863 700 1892 La
715 1864 819 1893 Cer-da
829 1864 870 1902 by
881 1863 962 1902 conj.

324 1913 512 1950 spontaneis,
527 1913 628 1942 which
649 1913 689 1942 he
703 1913 835 1942 defends
854 1914 895 1952 by
909 1913 964 1943 the

328 1962 386 1992 Gr.
403 1962 591 2001 αὐτόματα,
614 1963 645 1991 in
673 1963 795 1993 Herod.
808 1963 830 1993 1.
845 1972 884 1999 c.,
901 1963 964 1992 and

325 2011 466 2040 remarks
480 2020 566 2049 upon
582 2012 636 2040 the
653 2021 803 2050 passages
820 2012 964 2041 addueed

326 2061 359 2090 in
381 2064 518 2099 support
541 2061 577 2090 of
596 2062 791 2091 centenariis.
835 2061 962 2091 Centen-

328 2110 411 2139 ariis
423 2110 450 2138 is
465 2110 612 2139 however
625 2111 724 2139 found
742 2110 775 2139 in
799 2111 879 2141 Cod.
897 2111 966 2149 Ag.

328 2160 449 2189 Herod.
466 2168 545 2189 V111.
566 2162 641 2197 138:
664 2160 694 2189 οἱ
717 2160 749 2189 δὲ
770 2160 963 2192 ἀπικόμενοι

328 2209 361 2239 ἐς
393 2209 502 2244 ἄλλην
533 2213 637 2247 ’γαῖαν
670 2210 730 2245 τῆς
761 2210 964 2245 Μακεδονίης

327 2257 586 2303 οἶκησανδέλας
599 2259 668 2287 τῶν
680 2258 795 2295 κήπων
815 2261 884 2288 τῶν
906 2261 963 2289 λε-

327 2306 476 2345 γομένων
489 2308 571 2337 εἶναι
596 2308 707 2337 Μίδεω
727 2309 787 2337 τοῦ
810 2309 962 2347 Γορδίεω,

329 2357 363 2386 ἐν
377 2360 451 2386 τοῖς
474 2357 598 2395 φύεται
620 2357 797 2396 αὐτόματα
817 2357 908 2397 ῥόδα,
930 2360 964 2389 ἓν

328 2406 471 2436 ἕκαστον
512 2406 590 2446 ἔχον
631 2407 791 2447 ἐξήκοντα
832 2408 962 2447 φύλλα,

328 2455 412 2494 ὀδμῇ
430 2467 471 2485 τε
493 2456 725 2495 ὑπερφέροντα
749 2458 818 2487 ’τῶν
836 2457 960 2487 ἄλλων.

329 2503 490 2543 Theophr.
508 2505 558 2535 De
572 2506 676 2535 Plant.
699 2515 749 2536 vt.
769 2510 806 2537 6:
829 2506 963 2536 ἑκατον-

327 2553 492 2590 τάφυλλα
505 2553 598 2592 ῥόδα.
621 2555 706 2585 Plin.
718 2556 756 2586 N.
766 2556 807 2585 H.
819 2565 896 2586 xxr.
908 2566 962 2586 10:

310 2636 317 2643 Ι
331 2601 438 2640 Coepio
471 2604 591 2633 Tiberii
619 2604 754 2634 Coesaris
780 2606 965 2645 principatu

328 2652 454 2689 neqavit
472 2653 663 2694 centifoliam
677 2653 813 2694 (rosam)
828 2655 862 2684 in
874 2664 963 2685 coro—

1089 1812 1102 1830 ⁶
1129 1813 1268 1851 utrisque
1301 1812 1389 1842 liliis.
1440 1812 1521 1844 Plin.
1550 1811 1591 1842 N.
1622 1812 1663 1842 Η.

1030 1871 1107 1892 xx1.
1122 1872 1167 1899 11,
1181 1862 1338 1891 mentions
1356 1862 1432 1891 alba
1449 1862 1523 1892 lilia
1535 1861 1598 1891 and
1609 1870 1663 1891 ru-

1030 1913 1101 1941 bens
1123 1912 1224 1941 lilium
1245 1911 1328 1950 quod
1353 1910 1458 1941 Graeci
1480 1910 1590 1941 crinon
1612 1920 1665 1940 vo-

1029 1965 1112 1992 cant.
1130 1962 1187 1991 Gr.
1199 1961 1325 1999 λείριον
1336 1961 1398 1990 and
1413 1961 1532 1999 κρίνον.
1542 1961 1662 1990 Athen.

1030 2020 1088 2042 xv.
1108 2020 1162 2050 27:
1185 2010 1231 2040 τοὶ
1252 2011 1285 2040 δὲ
1307 2011 1401 2049 κρίνα
1426 2010 1530 2049 φησὶν
1549 2009 1568 2039 ὁ
1587 2009 1664 2039 Θεό-

1031 2065 1185 2100 φραστος
1221 2062 1306 2090 εἶναι
1342 2059 1397 2090 καὶ
1433 2058 1665 2098 πορφυρανθῆ.

1031 2112 1165 2141 Φιλῖνος
1194 2111 1228 2140 δὲ
1257 2110 1299 2140 τὸ
1329 2109 1439 2147 κρίνον
1461 2109 1517 2147 ὑφ’
1540 2108 1583 2139 ὧν
1604 2109 1664 2147 μὲν

1029 2160 1165 2198 λείριον,
1187 2159 1243 2198 ὑφ’
1266 2158 1311 2188 ὦν
1324 2159 1356 2188 δὲ
1371 2158 1423 2188 ἴον
1435 2158 1622 2189 καλεῖσθαι.

1089 2209 1103 2226 ⁶
1121 2209 1260 2238 omnibus
1284 2208 1386 2244 violis,
1414 2217 1457 2238 sc.
1484 2208 1664 2247 purpureis,

1028 2258 1134 2294 luteis,
1148 2259 1239 2287 albis.
1272 2258 1355 2287 Plin.
1370 2257 1411 2286 N.
1429 2257 1472 2287 H.
1487 2266 1564 2287 xxr.
1580 2266 1626 2294 14.

1088 2306 1101 2327 ⁷
1111 2308 1212 2346 favos
1220 2307 1396 2345 postfella.
1438 2306 1631 2336 Proverbial-

1090 2356 1149 2386 Ch.
1165 2356 1243 2387 XV.
1286 2355 1295 2373 ¹
1308 2358 1418 2394 prato.
1459 2354 1578 2387 Sedent.
1621 2357 1664 2386 So

1031 2405 1110 2436 Cod.
1125 2406 1201 2444 Ag„
1215 2405 1291 2444 Rig.
1305 2405 1368 2434 and
1384 2405 1477 2435 Oehl.
1509 2405 1579 2435 The
1598 2409 1665 2436 rest

1029 2455 1245 2490 Protosedent,
1256 2464 1292 2484 or
1308 2455 1406 2484 Proto
1420 2454 1534 2484 sedent.
1557 2455 1664 2486 Ursin.

1030 2506 1070 2544 by
1094 2504 1175 2543 conj.
1204 2504 1311 2533 Porro
1337 2504 1451 2534 sedent.
1495 2503 1570 2542 Rig.
1607 2513 1663 2533 ex-

1031 2554 1134 2592 plains
1147 2554 1259 2584 coelesti
1272 2556 1371 2592 prato
1385 2563 1420 2582 as
1432 2563 1452 2582 a
1465 2562 1616 2592 synonym
1630 2554 1667 2584 of

1031 2604 1086 2633 the
1105 2605 1258 2640 rainbow,
1279 2604 1336 2633 ‘ob
1350 2604 1485 2642 speciem
1504 2603 1664 2643 smaragdi

1031 2653 1133 2684 instar
1159 2653 1370 2684 viridantem.’
1421 2653 1479 2683 Gr.
1512 2652 1567 2683 καὶ
1600 2652 1663 2693 ἶρις
