1812 2956
0 1321 33 1461 x

5 1453 94 1686 l

519 170 606 208 DE
640 168 1101 208 IDOLOLATRfflJ
1432 166 1484 209 61

135 298 274 347 latria
312 303 555 360 agebatur,
596 317 692 346 non
728 301 778 344 in
817 300 909 345 isto
950 301 1152 352 nomine,
1190 301 1276 345 ‘sed
1311 301 1360 344 in
1396 301 1488 346 isto
1516 318 1708 353 cunm,

136 391 291 438 opere.
361 380 487 424 Nam
511 383 561 424 et
583 379 725 423 hodie
750 384 886 423 extra
911 378 1139 435 templum
1163 382 1213 423 et
1237 379 1337 423 sine
1360 379 1488 424 idolo
1507 403 1663 435 amisse„

1508 435 1565 460 vice
1581 435 1710 466 perform-

136 458 214 516 agi
230 460 402 515 potest.
457 457 526 500 At
547 456 629 500 ubi
653 456 854 500 artifices
876 459 1137 500 statuarum
1161 461 1211 500 et
1234 457 1487 514 imaginum
1506 465 1696 527 issssfflffim„

1506 533 1569 552 ever
1581 526 1603 551 it
1615 533 1680 557 may

136 539 187 580 et
210 535 359 580 omnis
382 534 571 592 generis
602 534 955 578 simulacrorum
987 534 1200 578 diabolus
1227 535 1397 579 saeculo
1421 535 1489 578 in·
1506 558 1652 590 represent,

135 613 258 666 tulit,
296 613 415 657 rude
453 612 570 655 illud
603 612 848 669 negotium.
881 611 1096 656 humanae
1128 612 1407 657 calamitatis
1440 617 1491 657 et

135 705 310 736 nomen
333 690 393 735 de
416 689 554 734 idolis
572 692 876 734 consecutum
894 693 968 733 est
991 693 1041 733 et
1063 690 1342 746 profectum.
1397 691 1491 734 Ex-

135 768 247 812 inde
267 768 369 825 jam
399 771 541 824 caput
562 767 690 811 faeta
714 769 787 810 est
810 765 1088 810 idololatriae
1112 782 1188 811 ars
1212 768 1362 812 omnis
1387 783 1491 824 quae

135 846 313 890 idolum
349 859 535 901 quoquo
569 843 711 888 modo
748 843 861 887 edit.
931 844 1101 899 Neque
1138 845 1263 888 enim
1292 846 1492 889 interest

137 938 197 966 an
218 922 392 980 plastes
416 922 621 978 effingat,
640 936 701 964 an
725 920 917 964 caelator
935 920 1191 978 exsculpat,
1214 936 1274 965 an
1294 922 1493 980 phrygio

138 999 347 1050 detexat,
377 998 486 1055 quia
516 1013 605 1042 nec
636 998 696 1041 de
727 997 927 1041 materia
956 998 1106 1042 refert
1138 1014 1198 1042 an
1235 1015 1398 1057 gypso,
1432 1016 1492 1044 an

138 1078 384 1128 coloribus,
419 1092 480 1120 an
518 1075 689 1134 lapide,
725 1090 786 1119 an
826 1091 932 1128 aere,
969 1091 1030 1120 an
1071 1081 1283 1135 argento,
1320 1094 1380 1122 an
1414 1079 1492 1122 filo

135 1156 366 1200 formetur
397 1155 587 1199 idolum.
661 1154 861 1207 Quando
890 1154 1016 1198 enim
1042 1158 1092 1199 et
1115 1155 1214 1199 sine
1238 1156 1366 1199 idolo
1393 1157 1492 1200 ido-

137 1233 322 1277 lolatria
343 1233 438 1283 fiat,
456 1232 633 1287 utique,
653 1246 760 1275 eum
778 1231 915 1275 adest
935 1229 1126 1285 idolum,
1147 1232 1262 1275 nihil
1279 1233 1490 1284 interest,

138 1310 277 1366 quale
314 1310 388 1361 sit,
429 1324 520 1365 qua
551 1309 611 1353 de
642 1308 852 1359 materia,
889 1323 980 1364 qua
1017 1309 1079 1354 de
1111 1310 1278 1366 effigie,
1311 1325 1371 1354 ne
1414 1312 1493 1366 qui

138 1391 276 1445 putet
312 1387 362 1431 id
403 1387 553 1431 solum
593 1385 773 1430 idolum
809 1386 1091 1438 habendum,
1131 1387 1257 1442 quod
1291 1387 1493 1431 humana

139 1464 294 1522 effigie
339 1463 401 1508 sit
443 1467 781 1508 consecratum.
854 1463 935 1506 Ad
979 1463 1070 1507 hoc
1114 1465 1379 1508 necessaria
1419 1470 1493 1510 est

138 1541 351 1586 vocabuli
371 1539 713 1598 interpretatio.
764 1535 891 1586 Εἶδος
916 1540 1080 1584 Graece
1104 1540 1304 1584 formam
1328 1547 1491 1592 sonat;

96 1627 99 1634 ¹
139 1619 199 1662 ab
233 1633 291 1663 eo
327 1633 412 1676 per
447 1617 818 1662 deminutionem
853 1612 1034 1662 εἴδωλον
1070 1617 1330 1662 deductum
1364 1635 1495 1675 aeque

139 1697 266 1754 apud
287 1711 372 1740 nos
395 1695 645 1740 formulam
666 1695 795 1739 fecit.
866 1695 1019 1751 Igitur
1057 1695 1208 1739 omnis
1236 1696 1388 1740 forma
1422 1698 1496 1742 vel

138 1774 359 1819 formula¹
387 1773 565 1817 idolum
588 1787 638 1816 se
663 1773 758 1816 dici
792 1773 1017 1829 exposcit.
1082 1773 1207 1834 *Inde
1230 1773 1496 1818 idololatria

141 1852 291 1896 omnis
327 1850 451 1895 circa
491 1864 629 1894 omne
675 1849 852 1894 idolum
900 1849 1152 1893 famulatus
1193 1854 1243 1894 et
1283 1851 1492 1896 servitus.

140 1929 259 1972 Inde
290 1933 341 1973 et
377 1927 527 1971 omnis
561 1926 676 1970 idoli
711 1926 884 1970 artifex
920 1926 1131 1982 ejusdem
1167 1930 1217 1970 et
1250 1927 1386 1971 unius
1419 1933 1492 1972 est

144 2005 362 2056 criminis,
401 2004 490 2048 nisi
526 2019 691 2061 parum
722 2004 1035 2048 idololatriam
1066 2000 1262 2060 populus
1302 2006 1491 2051 admisit

141 2083 221 2139 qui
261 2082 558 2126 simulacrum
589 2081 722 2125 vituli
756 2085 806 2126 et
840 2097 935 2126 non
966 2081 1166 2125 hominis
1203 2081 1291 2125 sibi
1328 2098 1489 2128 conse·
1506 2103 1684 2161 gamanam.

140 2160 300 2205 oravit.
1522 2154 1529 2160 ’

239 2238 423 2282 Idolum
468 2241 567 2282 tam
612 2238 713 2282 fieri
760 2253 899 2294 quam
943 2238 1035 2282 coli
1081 2238 1213 2282 Deus
1258 2239 1489 2295 prohibet.
1522 2258 1624 2290 eff,
1637 2258 1700 2290 1v,

139 2315 333 2368 Quanto
368 2316 604 2372 praecedit,
643 2319 698 2358 ut
739 2316 821 2360 fiat
857 2315 984 2371 quod
1024 2315 1115 2362 coli
1153 2316 1314 2372 possit,
1355 2321 1489 2362 tanto
1507 2315 1678 2371 ,Gg‘gssg'ssgth

138 2393 268 2452 prius
290 2396 376 2443 est,
400 2407 460 2437 ne
484 2394 577 2444 fiat,
608 2393 647 2437 si
678 2393 768 2437 coli
798 2408 891 2438 non
920 2393 1072 2438 licet¹.
1137 2393 1341 2450 Propter
1370 2394 1490 2439 hanc
1506 2377 1694 2468 ἒέξιξετῗῗυᾱ

1507 2468 1623 2494 makers.

141 2509 238 2541 mula.
285 2509 410 2540 Arnob.
426 2509 509 2541 Adv.
527 2510 624 2540 Gent.
642 2519 690 2541 Vl.
709 2510 780 2541 init.
850 2510 992 2540 Deorum
1027 2509 1165 2547 alicujus
1186 2510 1390 2541 simulacrum
1416 2521 1491 2543 con-

139 2567 176 2598 p.
189 2561 260 2597 189:
283 2558 325 2589 1n
339 2559 401 2590 Ιιαο
414 2560 494 2590 enim
508 2560 678 2590 consuestis
685 2563 783 2599 parte
847 2561 1014 2590 stituamus
1028 2562 1085 2589 aut
1095 2560 1251 2599 formam,
1266 2564 1328 2591 etc.
1356 2561 1490 2594 Herald.

141 2609 258 2640 crimen
285 2610 375 2640 nobis
407 2611 578 2641 maximum
611 2611 783 2650 impietatis
847 2610 881 2640 in
903 2609 1028 2639 Arnob.
1052 2618 1095 2639 vr.
1121 2619 1155 2649 p.
1180 2620 1247 2648 194,
1271 2611 1410 2642 adduces
1431 2622 1493 2643 nu-

140 2659 281 2700 affiqere,
300 2660 387 2699 quod
402 2670 498 2701 neque
511 2661 590 2692 aedes
606 2671 719 2692 sacras
739 2662 785 2691 ad
848 2669 976 2690 merous
990 2668 1139 2700 passages
1154 2663 1189 2690 to
1203 2660 1259 2691 the
1274 2670 1361 2691 same
1375 2662 1480 2693 effect.

140 2709 350 2741 venerationis
363 2711 472 2752 officia
486 2715 784 2749 construamusmon
905 2709 966 2740 ch.
994 2709 1056 2741 IV.
1107 2709 1116 2728 ¹
1151 2710 1277 2749 Quanto
1298 2712 1491 2750 proecedit...
