1812 2956
481 199 570 236 DE
608 198 1051 236 IDOLOLATRIA.
1403 193 1461 239 97

111 334 187 382 est
207 332 308 378 fieri
329 347 479 390 posse.
530 333 597 377 *J
597 348 674 377 am
694 335 829 378 vero¹
853 333 914 377 de
938 333 1037 378 solo
1061 336 1287 391 suggestu
1310 336 1360 378 et
1383 348 1461 390 ap-
1480 340 1519 372 C-
1535 339 1674 371 xvm.

111 413 279 469 paratu
322 410 513 455 honoris
555 411 919 456 retractandum.
1004 411 1228 468 Proprius
1273 411 1460 456 habitus

111 487 472 544 uniuscujusque
495 492 581 540 est,
605 492 703 532 tam
725 489 788 533 ad
810 504 944 533 usum
968 489 1303 544 quotidianum,
1322 504 1462 545 quam

113 565 177 611 ad
202 565 429 611 honorem
463 570 514 611 et
545 567 837 624 dignitatem.
907 568 1060 625 Igitur
1083 583 1288 624 purpura
1310 568 1388 611 illa
1411 573 1462 612 et

114 657 279 688 aurum
326 643 519 689 cervicis
570 649 898 690 ornamentum
946 645 1115 689 eodem
1161 660 1292 689 more
1336 645 1462 702 apud

114 721 362 779 AEgyptios
397 726 447 766 et
482 723 764 779 Babylonios
799 723 999 780 insignia
1036 726 1171 767 erant
1206 722 1461 780 dignitatis,

115 813 209 856 quo
231 814 362 844 more
385 815 509 845 nunc
526 803 795 858 praetextae2
812 801 886 844 vel
908 802 1109 844 trabeae³
1131 801 1204 844 vel
1224 801 1464 857 palmatae⁴

115 881 167 920 et
199 891 386 922 coronae
416 892 570 922 aureae
605 878 915 930 sacerdotum,
953 865 1338 935 provincialium&
1379 878 1465 921 sed

114 969 210 999 non
233 955 399 999 eadem
422 955 704 1002 conditione.
775 956 980 999 Tantum
1016 955 1139 998 enim
1172 954 1360 998 honoris
1384 969 1465 998 no-

114 1031 239 1075 mine
268 1031 630 1077 conferebantur
659 1032 743 1083 his,
783 1033 863 1087 qui
901 1032 1265 1075 familiaritatem
1299 1046 1466 1089 regum

114 1108 428 1153 merebantur.
486 1109 629 1153 Unde
654 1112 704 1153 et
726 1109 969 1166 purpurati
992 1124 1159 1166 regum
1178 1109 1466 1153 vocabantur

115 1200 144 1231 a.
165 1200 382 1243 purpura,
401 1187 524 1231 sicut
546 1187 671 1243 apud
694 1202 779 1230 nos
803 1201 831 1229 a
853 1190 967 1243 toga
991 1186 1190 1230 candida
1213 1187 1464 1236 candidati,

115 1263 202 1308 sed
230 1279 325 1308 non
358 1267 414 1308 ut
447 1269 698 1321 suggestus
734 1263 811 1308 ille
853 1264 1126 1307 sacerdotiis
1162 1278 1347 1318 quoque
1384 1267 1467 1306 aut

116 1339 346 1396 aliquibus
381 1341 614 1385 idolorum
651 1341 812 1385 officiis
849 1341 1202 1397 astringeretur.
1271 1341 1396 1383 Nam
1428 1341 1467 1384 si

116 1417 184 1462 ita
207 1421 344 1469 esset,
369 1419 532 1474 utique
555 1422 701 1462 tantae
725 1418 986 1462 sanctitatis
1010 1421 1060 1462 et
1083 1418 1358 1462 constantiae
1381 1418 1467 1461 viri

116 1495 278 1540 statim
318 1495 506 1539 habitus
548 1495 821 1550 inquinatos
859 1499 1166 1546 recusassent,
1214 1496 1466 1550 statimque

117 1573 407 1630 apparuisset
442 1572 692 1640 Danielem
736 1572 872 1617 idolis
913 1558 1014 1615 vnon
1060 1572 1330 1623 deservisse,
1378 1586 1467 1616 nec

115 1688 303 1728 idohtrous,
318 1689 383 1721 and
405 1690 568 1721 therefore
589 1690 646 1720 the
668 1690 758 1720 office
825 1691 934 1727 vectio,
943 1690 980 1720 of
986 1690 1101 1729 purple
1111 1690 1175 1720 and
1185 1690 1294 1720 white.
1317 1690 1340 1720 J
1342 1699 1392 1720 uv
1399 1690 1466 1720 Sat.

116 1742 153 1772 to
165 1741 208 1772 be
219 1740 398 1772 unlewfuL’

176 1790 192 1809 ⁸
206 1794 380 1830 praeextoe.
420 1791 486 1822 For
507 1791 563 1821 the
582 1791 761 1821 connexion

117 1839 157 1872 of
173 1840 265 1872 then
284 1841 380 1871 robes
401 1840 481 1871 with
499 1840 647 1880 idolatry,
671 1849 760 1870 com-

118 1898 197 1930 pare
218 1889 290 1921 mv.
310 1899 343 1920 x.
364 1898 402 1929 7:
425 1889 487 1921 Oui
500 1890 643 1920 Deorum
661 1890 760 1920 homi·

117 1948 228 1971 tumve
240 1939 404 1979 indiffusam
410 1939 516 1970 videre
526 1942 637 1978 potest,
647 1939 761 1978 inquit,

119 1999 172 2023 οοε
191 1989 289 2027 viros,
303 1998 383 2029 quos
402 1998 459 2019 vos
479 1989 566 2020 cellis
587 1989 760 2026 curulibus,

119 2043 197 2080 toqa
219 2042 390 2079 proeteaeta,
417 2039 527 2069 tunica
556 2039 707 2077 palmata
732 2041 763 2068 et

119 2098 239 2121 corona
259 2089 448 2128 triumphali
469 2089 642 2128 laureaque
664 2089 761 2118 hono-

120 2139 256 2177 mritis„
261 2139 486 2178 ..pontificalia
505 2141 600 2178 atque
619 2147 762 2178 auqura-

121 2189 171 2221 lia
197 2189 340 2229 imt‘qnt'a
375 2187 559 2219 assumere?
586 2188 642 2227 qui
668 2187 764 2218 Jovis

124 2239 198 2280 opt.
212 2239 309 2270 Mam.
331 2242 446 2270 ωτιαήι
468 2238 645 2276 decoram-3,
666 2247 763 2269 curru

121 2292 239 2321 aurato
258 2298 317 2329 per
338 2289 445 2320 urbem
465 2292 569 2319 vectus
582 2289 616 2318 in
633 2287 765 2327 Capito-

122 2339 200 2372 uum
212 2339 388 2370 ascenden-it
395 2349 410 2376 ;
430 2339 461 2369 ei
470 2338 685 2378 conspiciatur
696 2347 764 2368 cum

123 2390 238 2430 capide
257 2393 288 2422 et
310 2390 400 2427 lituo,
420 2389 525 2428 capite
547 2389 650 2419 velato
672 2389 764 2419 victi-

123 2449 208 2472 mam
239 2440 353 2479 cedat,
387 2439 594 2479 auquriumve
626 2448 664 2470 ex
692 2448 766 2470 arce

124 2489 263 2530 capiat?

187 2539 202 2558 ⁸
223 2539 350 2578 trabea,
371 2539 408 2570 of
421 2539 513 2570 three
526 2539 639 2577 kinds3
657 2549 671 2569 1
687 2539 767 2570 used

125 2590 178 2622 for
199 2590 256 2621 the
271 2590 364 2629 gods,
387 2589 424 2620 of
442 2589 558 2629 purple
580 2590 675 2629 only3
696 2600 713 2622 2
726 2590 769 2629 by

128 2649 260 2680 augure,
273 2640 310 2670 of
325 2639 442 2679 purple
455 2639 519 2669 and
533 2639 668 2677 scarlet3
689 2649 705 2678 3
727 2639 770 2678 by

128 2690 257 2722 consuls
275 2690 340 2720 end
353 2689 487 2729 knights
505 2689 539 2719 in
559 2689 644 2720 their
664 2692 771 2720 trane-

266 2758 401 2788 TERT-

828 1749 864 1772 x.
883 1749 931 1780 35.
974 1741 1044 1770 The
1066 1741 1249 1780 procession
1274 1741 1311 1770 of
1333 1739 1468 1780 knights

829 1791 952 1822 started
971 1791 1054 1820 from
1077 1791 1132 1821 the
1154 1791 1290 1830 Temple
1312 1791 1349 1820 of
1369 1792 1468 1828 Mars,

824 1842 888 1872 and
915 1851 951 1871 so
975 1851 1043 1871 was
1069 1842 1248 1872 connected
1278 1841 1358 1871 with
1383 1841 1468 1871 idol-

824 1891 979 1930 worship.

885 1940 901 1959 ⁴
915 1941 1080 1979 palmatoe,
1096 1949 1186 1970 worn
1204 1941 1247 1979 by
1267 1940 1469 1978 triumphant

825 1990 984 2030 generals.
1025 1990 1112 2019 Both
1126 1990 1183 2019 the
1196 1990 1303 2019 tunica
1317 1990 1380 2019 and
1394 1993 1470 2029 toqa

826 2049 912 2070 were
922 2040 1080 2079 palmata.
1125 2038 1214 2079 Juv„
1225 2040 1292 2070 Sat.
1304 2048 1339 2070 x.
1355 2042 1404 2078 38,
1419 2043 1469 2069 tu-

826 2090 901 2120 nica
912 2090 1019 2120 Jovis.
1046 2089 1098 2119 De
1114 2089 1190 2120 Cor.
1207 2098 1234 2119 c.
1250 2097 1299 2128 13,
1314 2098 1382 2119 cum
1390 2089 1470 2128 pal-

826 2140 921 2170 matis
935 2140 1028 2179 toqis.

888 2190 902 2209 ⁶
919 2190 1174 2230 provincialium.
1226 2190 1297 2220 The
1321 2198 1470 2220 common

827 2241 963 2281 reading
984 2241 1135 2270 followed
1157 2241 1198 2279 by
1221 2239 1317 2270 Oehl.
1347 2241 1404 2270 has
1428 2249 1471 2270 no

829 2300 954 2321 comma
980 2291 1064 2320 after
1097 2290 1305 2320 sacerdotum.
1347 2290 1363 2319 1
1391 2290 1472 2320 have

829 2339 971 2378 adopted
992 2338 1048 2368 the
1072 2338 1207 2377 reading
1228 2337 1405 2377 suggested
1431 2338 1474 2377 by

830 2389 954 2427 Rigalt,
980 2388 1188 2424 sacerdotum,
1217 2387 1475 2426 provincialium.

832 2439 938 2470 There
950 2438 978 2468 is
995 2447 1038 2468 no
1058 2436 1171 2468 reason
1192 2438 1244 2467 for
1258 2437 1400 2476 limiting
1419 2437 1476 2468 the

832 2497 958 2519 crowns
984 2491 1019 2518 to
1043 2487 1227 2527 provincial
1252 2488 1379 2527 priests.
1423 2488 1477 2519 On

833 2540 889 2569 the
903 2547 1029 2569 crowns
1051 2538 1088 2568 of
1108 2538 1226 2577 priests
1249 2538 1344 2568 Oehl.
1362 2540 1479 2578 quotes

834 2589 989 2619 Prudent.
1014 2588 1130 2619 Perist.
1153 2598 1184 2618 x.
1214 2597 1299 2618 1011.
1349 2588 1403 2619 On
1424 2589 1481 2620 the

835 2648 960 2669 crowns
980 2639 1018 2668 of
1037 2638 1238 2678 provinciale,
1257 2647 1310 2669 see
1330 2638 1382 2670 De
1405 2638 1483 2670 Cor.

836 2698 862 2719 c.
884 2698 934 2727 13,
949 2697 981 2720 n.
997 2697 1025 2727 7.

1322 2747 1350 2788 5
