1812 2956
498 190 586 232 ‘DE
623 194 1083 233 IDOLOLATRIA.
1412 190 1466 234 89

121 320 337 378 Sabbata,
361 326 524 383 inquit,
549 332 704 371 vestra
733 332 783 372 et
811 329 1079 372 neomenias
1108 333 1158 372 et
1181 329 1467 373 ceremonias
1508 337 1547 370 C.
1569 337 1666 370 xlv.

118 403 221 448 odit
246 404 400 448 anima
432 419 550 449 mea.
620 406 787 458 Nobis,
813 406 979 462 quibus
1013 407 1209 450 sabbata
1242 410 1467 450 extranea
1486 424 1609 451 mu.

117 477 251 526 sunt⁸
271 486 322 526 et
344 484 600 527 neomeniae
619 489 668 528 et
682 484 808 528 feriae
832 500 860 528 a
877 484 984 527 Deo
999 484 1248 540 aliquando
1267 484 1464 536 dilectae,

118 560 380 605 Saturnalia
403 565 453 606 et
481 562 713 606 Januariae
737 566 787 607 et
812 563 1020 606 Brumae⁹
1054 567 1105 607 et
1138 563 1425 608 Matronales
1434 565 1466 591 ¹⁰

114 638 485 695 frequentantur,
529 655 722 684 munera
768 644 1045 692 commeant,
1087 644 1258 685 strenae
1304 656 1466 685 conso-

114 718 282 768 nant¹¹,
302 717 443 768 lusus,
465 717 674 762 convivia
701 721 1019 774 constrepunt.
1093 718 1135 762 O
1162 718 1326 762 melior
1348 718 1464 762 fides

114 793 356 837 nationum
370 794 419 837 in
437 809 567 838 suam
585 798 774 845 sectam,
791 809 895 850 quae
912 794 1084 837 nullam
1103 794 1464 838 sollemnitatem

115 870 483 916 Christianorum
503 874 591 916 sibi
607 873 812 917 vindicat
832 872 843 916 ἔ
881 874 992 916 Non
1008 857 1306 917 Dominicurn
1322 873 1460 925 diem,

111 963 207 993 non
237 950 567 1002 Pentecosten,
607 950 789 994 etiamsi
819 954 1026 1002 nossent,
1055 950 1299 994 nobiscum
1338 966 1463 995 com-

110 1027 450 1072 municassent:
497 1029 720 1072 timerent
765 1028 902 1079 enim,
948 1043 1008 1072 ne
1049 1028 1298 1072 Christiani
1332 1029 1461 1074 vide-

109 1109 285 1150 rentur.
337 1106 452 1158 Nos,
471 1121 531 1150 ne
549 1106 724 1150 ethnici
740 1106 1107 1163 pronuntiemur,
1120 1121 1215 1150 non
1232 1121 1458 1151 veremur.

112 1183 161 1227 Si
185 1183 297 1239 quid
318 1187 368 1227 et
385 1185 514 1228 carni
534 1184 873 1241 indulgendum
898 1188 983 1235 est,
1007 1184 1164 1235 habes,
1188 1199 1282 1228 non
1306 1185 1460 1229 dicam

108 1263 217 1304 tuos
259 1261 359 1305 dies
403 1265 602 1313 tantum,
642 1261 726 1305 sed
764 1266 814 1305 et
853 1261 1021 1318 plures.
1092 1262 1217 1304 Nam
1261 1262 1458 1306 ethnicis

109 1338 254 1383 semel
290 1353 468 1383 annuus
503 1340 604 1383 dies
635 1339 830 1395 quisque
861 1339 1010 1382 festus
1045 1342 1131 1389 est,
1167 1339 1254 1382 tibi
1290 1343 1457 1384 octavo

109 1431 295 1472 quoque
341 1417 431 1460 die.
502 1417 718 1474 Excerpe
763 1416 967 1473 singulas
1007 1416 1341 1461 sollemnitates
1379 1432 1458 1461 na-

106 1492 289 1537 tionum
312 1498 363 1538 et
385 1493 433 1536 in
454 1493 665 1537 ordinem
687 1507 864 1543 exsere,
883 1493 1242 1537 Pentecosten¹²
1263 1493 1457 1551 implere

106 1586 201 1616 non
223 1575 460 1629 poterunt.

202 1650 297 1695 Sed
340 1651 541 1702 luceant,
587 1651 751 1707 inquit,
799 1665 943 1708 opera
989 1654 1156 1695 vestra.
1226 1650 1294 1694 At
1331 1664 1456 1694 nunc
1476 1663 1575 1695 CAP.
1596 1663 1676 1695 xv.

104 1727 292 1773 luceant
332 1730 560 1774 tabernae¹
603 1734 652 1774 et
689 1731 848 1787 januae
888 1728 1085 1773 nostrael
1154 1728 1320 1772 Plures
1359 1744 1454 1772 non
1472 1719 1658 1806 ῑῗῖὶὲηἶξέῖἶῖῑῖιι

104 1805 310 1851 invenias
344 1807 638 1852 ethnicorum
673 1808 799 1851 fores
834 1807 934 1851 sine
969 1806 1170 1850 lucernis
1203 1810 1254 1850 et
1284 1806 1453 1850 laureis
1471 1788 1651 1868 Ξῑὲξξὲξῗᾶῗ

1471 1873 1658 1899 (1001·3ἰεὶᾶοὶΒ

1470 1905 1563 1928 atrous
1574 1909 1630 1929 anu

166 1925 193 1947 ¹²
211 1926 424 1958 Pentecosten.
454 1927 525 1958 The
536 1935 648 1957 season
659 1927 743 1957 from
802 1926 894 1965 fieta
903 1925 1050 1955 lucernis.
1079 1924 1222 1963 Apolog.
1236 1934 1265 1955 c.
1276 1933 1330 1963 35:
1359 1924 1387 1954 Ο
1397 1934 1454 1955 nos
1470 1934 1609 1959 unlawffux.

103 1976 220 2008 Easter
239 1980 276 2008 to
292 1977 518 2017 Whitsunday.
552 1977 604 2008 De
622 1977 698 2008 Cor.
715 1986 745 2007 c.
811 1976 922 2006 merito
931 1973 1152 2004 damnandos!
1175 1973 1243 2004 C‘ur
1255 1974 1335 2003 enim
1344 1977 1418 2004 vota
1425 1978 1454 2004 et
1471 1964 1548 1990 Man·
1563 1965 1635 1990 ”m

105 2037 140 2067 3:
159 2027 227 2058 Die
234 2027 404 2058 Dominico
410 2027 567 2066 jejunium
581 2028 672 2067 nefas
686 2027 745 2057 du.

103 2078 202 2109 cimus
215 2079 265 2109 vel
277 2078 315 2109 de
327 2078 480 2118 qeniculis
494 2077 644 2108 adorare.
671 2077 744 2107 Ea-

103 2128 172 2160 dem
198 2129 391 2159 immunitate
418 2138 440 2159 a
466 2129 518 2159 die
539 2129 678 2159 Paschae
700 2128 747 2158 ad

103 2178 305 2210 Pentecosten
319 2189 415 2220 usque
438 2179 619 2219 qaudemus.
655 2180 745 2218 Apo-

103 2229 178 2262 stol.
193 2229 370 2261 Constitut.
393 2230 553 2260 mentions
576 2232 642 2259 rest
660 2229 743 2259 from

103 2280 194 2310 work
201 2280 235 2310 in
245 2280 302 2311 the
309 2281 400 2311 week
409 2281 578 2320 following
586 2280 642 2310 the
652 2279 745 2309 Pass-

103 2339 189 2369 over,
202 2331 307 2362 which
321 2331 348 2361 is
368 2331 424 2362 the
438 2331 545 2363 Feast.
588 2330 745 2360 Bunsen’s

103 2379 204 2420 nipp.
220 2380 296 2412 Vol.
322 2389 375 2412 111.
398 2390 431 2420 p.
450 2389 501 2419 95.
543 2379 604 2411 See
623 2380 742 2419 Bingh.

104 2429 182 2461 Chr.
197 2433 278 2461 Ant.
292 2439 375 2461 x111.
392 2433 422 2468 8,
438 2441 467 2469 3.

163 2479 224 2511 Ch.
239 2480 317 2511 XV.
341 2480 350 2498 ¹
367 2481 491 2511 luceant
500 2481 743 2520 tabes-nemen.

103 2531 173 2563 Sat.
191 2540 222 2564 v.
238 2540 311 2571 179:
330 2532 375 2563 At
393 2542 462 2563 cum
474 2532 617 2563 Herodis
635 2542 743 2563 venere

101 2582 179 2620 dies,
216 2586 370 2622 unctaque
392 2583 540 2622 fenestra
569 2583 742 2622 Dispositae

97 2633 247 2673 pinquem
272 2633 415 2663 nebulam
440 2643 582 2664 vomuere
608 2634 743 2664 lucernoe

100 2682 275 2714 Pon-tames
287 2683 399 2721 violae,
413 2686 477 2714 etc.
504 2684 581 2714 Juv.
595 2683 662 2714 Sat.
674 2692 740 2714 xn.

99 2742 157 2772 92:
181 2733 304 2765 Cuncta
317 2734 424 2771 nitent,
442 2734 552 2774 lonqos
568 2734 668 2765 ere-rit
680 2733 740 2771 ja-

99 2793 166 2816 naa
191 2793 307 2823 ramoc,
330 2785 378 2816 Et
404 2784 567 2815 matutinis
599 2784 744 2823 operitur

811 2025 936 2065 qaudia
960 2024 1124 2055 Coesarum
1145 2024 1228 2054 casti
1252 2027 1281 2054 et
1304 2024 1405 2054 sobria·
1426 2028 1455 2055 et

805 2075 904 2114 probi
916 2074 1123 2114 expunqimus
1136 2073 1152 2104 .⁹
1170 2065 1230 2104 cur
1242 2074 1294 2104 die
1308 2074 1380 2104 loeto
1394 2084 1455 2104 non

812 2126 933 2157 laureis
949 2129 1057 2165 postes
1070 2124 1289 2154 obumbramus
1299 2123 1316 2154 ‚⁹
1335 2134 1389 2155 nec
1404 2125 1453 2155 lu-

812 2177 914 2207 cernis
935 2176 1017 2206 diem
1039 2174 1271 2214 infr-infimus?
1310 2174 1455 2206 Honesta

811 2237 862 2258 res
875 2230 928 2264 est,
943 2226 1148 2257 sollemnitate
1156 2225 1289 2264 publica
1305 2225 1454 2264 eziqente,

811 2278 958 2308 inducere
968 2277 1074 2307 domui
1088 2279 1146 2306 tuae
1161 2276 1303 2305 habitum
1316 2276 1454 2314 alicujus

811 2328 884 2358 novi
904 2326 1097 2368 lupanaris!
1127 2325 1182 2357 Ad
1203 2327 1305 2357 Uxor.
1319 2335 1357 2357 11.
1373 2336 1402 2357 c.
1417 2330 1453 2357 6:

810 2379 968 2411 Procedet
1002 2378 1138 2418 [ancilla
1163 2377 1245 2416 Dei]
1277 2377 1315 2407 de
1335 2376 1454 2415 janua,

810 2430 960 2460 laureata
986 2432 1016 2459 et
1043 2429 1216 2465 lucernata,
1244 2430 1278 2457 ut
1304 2427 1342 2457 de
1375 2437 1453 2458 novo

810 2480 996 2511 consistorio
1039 2479 1206 2509 libidinum
1241 2478 1452 2517 publicarum.

810 2532 934 2562 luceant
946 2531 973 2560 is
987 2530 1019 2559 in
1034 2529 1114 2560 Cod.
1127 2529 1204 2568 Ag„
1221 2528 1365 2567 Gangn„
1378 2529 1452 2560 Gel.

810 2582 873 2611 and
883 2582 972 2611 Pam.
1001 2580 1104 2610 lucent
1118 2579 1146 2609 is
1159 2588 1179 2608 a.
1193 2578 1276 2618 conj.
1286 2579 1323 2608 of
1328 2579 1451 2619 Rigalt,

808 2630 960 2661 followed
982 2631 1024 2669 by
1047 2629 1143 2660 Oehl.
1186 2629 1219 2658 It
1246 2628 1273 2658 is
1303 2628 1452 2659 however

808 2689 1030 2720 unnecessary,
1067 2679 1123 2710 the
1156 2682 1307 2708 sentence
1340 2678 1450 2718 being,

806 2732 892 2763 after
907 2729 1112 2762 Tertullian’s
1131 2723 1273 2767 manner,
1287 2728 1431 2760 ironical.
