1812 2956
505 190 592 226 DE
621 190 770 228 IDOL
780 188 1066 228 OLATRIA.

118 324 224 365 tuta
246 321 286 366 si
308 324 460 373 cauta,
489 335 653 366 secura
685 321 726 366 si
759 322 962 366 attonita
971 323 997 366 ¹.

1381 185 1465 228 109

118 397 264 443 tabile
281 399 488 443 excussis
505 399 788 456 profundum
807 403 893 450 est,
912 400 1236 444 inextricabile
1254 400 1469 457 impactis

120 474 416 533 naufragium
460 479 546 527 est,
598 476 911 534 irrespirabile
959 477 1194 522 devoratis
1239 477 1470 534 hypobry-

121 551 302 596 chium²
323 553 372 596 in
394 553 672 598 idololatria.
724 554 1019 611 Quicumque
1042 555 1211 599 fluctus
1235 555 1334 612 ejus
1358 555 1470 599 offo-

121 632 268 683 cant³,
283 631 432 675 omnis
445 634 635 676 vertex⁴
649 632 748 689 ejus
764 633 825 676 ad
837 632 1012 677 inferos
1031 633 1267 677 desorbet.
1311 633 1468 676 Nemo

122 707 265 760 dicat,
295 709 411 761 Quis
438 713 538 753 tam
567 713 673 754 tuto
702 710 984 767 praecavebit
1001 711 1025 754 P
1092 710 1375 755 Exeundum
1408 710 1468 754 de
1485 720 1500 746 1
1513 720 1662 747 conv-10-

122 785 318 830 saeculo⁵
350 786 453 830 erit.
512 786 658 839 Quasi
686 802 781 831 non
803 787 925 830 tanti
959 787 1021 831 sit
1044 787 1186 838 exire,
1212 802 1351 842 quam
1371 787 1470 831 ido-

121 861 321 907 lolatren
342 862 392 906 in
417 863 588 907 saeculo
613 867 751 908 stare.
810 863 941 907 Nihil
965 878 1066 908 esse
1090 863 1271 907 facilius
1294 857 1466 920 potest,

123 953 262 995 quam
285 940 441 984 cautio
463 939 750 991 idololatriae,
777 941 816 984 si
836 941 978 984 timor
999 941 1097 997 ejus
1120 941 1169 984 in
1193 941 1347 998 capite
1371 941 1467 985 sit⁶.

125 1017 439 1072 Quaecumque
477 1017 731 1062 necessitas
776 1019 929 1062 minor
969 1021 1042 1062 est
1080 1019 1289 1076 periculo
1332 1022 1467 1063 tanto

122 1097 403 1151 comparata.
472 1094 733 1152 Propterea
761 1095 959 1152 Spiritus
984 1096 1182 1140 Sanctus
1206 1097 1468 1140 consultan-

121 1171 248 1215 tibus
281 1175 395 1216 tunc
429 1173 651 1230 apostolis
681 1173 915 1217 vinculum
946 1177 997 1218 et
1021 1174 1192 1230 jugum
1226 1175 1360 1218 nobis
1394 1189 1469 1218 re·
1487 1193 1599 1220 Acen.
1614 1193 1651 1219 28.

122 1249 309 1300 laxavit,
339 1254 394 1294 ut
420 1250 693 1294 idololatriae
716 1251 976 1294 devitandae
997 1266 1279 1295 vacaremus.

1351 1252 1468 1295 Haec

125 1326 216 1370 erit
236 1325 316 1370 lex
338 1330 510 1378 nostra,
536 1342 628 1383 quo
652 1327 886 1384 expedita,
909 1327 999 1371 hoc
1026 1327 1230 1384 plenius⁷
1253 1328 1470 1372 adminis-

123 1402 304 1454 tranda,
325 1404 513 1461 propria
530 1404 912 1456 Christianorum,
930 1419 1015 1461 per
1033 1419 1172 1460 quam
1189 1405 1248 1448 ab
1273 1405 1471 1449 ethnicis

124 1480 443 1537 agnoseimur⁸
466 1485 517 1526 et
546 1482 879 1533 examinamur,
903 1481 1004 1525 haec
1034 1482 1388 1525 accedentibus⁹
1408 1481 1471 1524 ad

123 1557 262 1602 fidem
286 1559 602 1616 proponenda,
625 1563 675 1603 et
696 1558 1069 1616 ingredientibus
1092 1559 1141 1601 in
1164 1559 1305 1602 fidem
1328 1558 1472 1602 incul-

125 1634 275 1678 canda
319 1640 405 1687 est,
443 1639 498 1679 ut
537 1636 820 1680 accedentes
860 1635 1134 1686 deliberent,
1171 1636 1471 1679 observantes

125 1751 274 1790 creditur,
299 1752 364 1782 nisi
390 1761 459 1783 eum
484 1753 587 1792 maqis
612 1752 765 1784 timetur?

124 1801 189 1831 nisi
196 1801 231 1831 in
239 1805 373 1841 tempore
379 1803 608 1841 persecutionis
619 1802 635 1833 ,Ρ
654 1803 766 1833 Eccle-

125 1851 178 1881 sia
195 1852 230 1882 in
243 1852 375 1882 attonito
388 1856 444 1882 est.
492 1853 580 1883 Tum:
593 1856 622 1883 et
632 1853 719 1892 fides
732 1853 767 1882 in

125 1901 321 1940 expeditione
342 1903 512 1933 sollicitior
529 1907 558 1934 et
579 1904 767 1942 disciplina-

126 1950 202 1988 tior,
215 1953 277 1982 etc.
307 1951 402 1982 Oehl.
419 1952 508 1989 adds,
517 1953 569 1982 De
583 1953 766 1991 Praescript.

127 2009 155 2030 c.
167 2009 224 2039 43:
250 2000 316 2031 Ubi
334 2004 432 2031 metue
447 2001 482 2031 ἰπ
495 2002 610 2037 Deum,
625 2002 671 2031 ibi
692 2011 768 2041 qra-

125 2049 210 2080 m'tas
229 2051 368 2088 honesta,
389 2054 419 2081 et
438 2050 605 2091 diliqentia
621 2052 768 2089 attonita,

126 2102 156 2130 et
168 2107 248 2130 cura
259 2099 410 2131 sollicita.

186 2148 202 2167 ⁹
221 2149 477 2189 hypobrychz’um.
528 2150 644 2186 ‘Quod
677 2151 768 2180 bara-

127 2199 236 2230 thrum
251 2199 347 2230 estin
364 2203 459 2236 terra,
473 2200 557 2230 idem
573 2203 622 2230 est
635 2201 668 2230 in
683 2209 769 2239 aqua

127 2249 180 2279 vel
207 2248 288 2279 mari
318 2248 523 2288 ὑποβρύχιον
551 2250 707 2279 devorans
736 2252 769 2280 et

129 2299 301 2330 exsorbens
327 2298 360 2328 in
385 2299 602 2330 submersione
624 2299 769 2330 homines

129 2347 344 2387 navigiaquess
379 2347 518 2379 Jumus.

188 2396 203 2416 ⁸
222 2397 367 2437 offocant.
411 2397 505 2428 Oehl.
534 2400 649 2438 quotes
675 2398 768 2429 Paul.

129 2447 243 2478 Diae-z
270 2447 436 2487 ‘qffbcare,
461 2457 577 2488 aquam
604 2449 637 2478 in
660 2449 770 2479 fauces

130 2497 361 2527 absorbendam
375 2497 471 2528 dare?

190 2545 205 2564 ⁴
223 2549 340 2576 vertex.
381 2546 460 2576 This
481 2547 508 2576 is
530 2547 586 2577 the
606 2548 660 2578 old
680 2547 771 2578 read-

129 2596 196 2635 ing.
238 2595 314 2635 Rig.
328 2599 448 2626 vortex.
489 2597 555 2627 But
577 2601 686 2628 vortex
707 2599 771 2628 und

131 2647 236 2675 vertex
258 2653 313 2675 are
334 2645 366 2675 in
390 2645 456 2676 fact
483 2646 539 2677 the
561 2655 648 2677 same
672 2647 772 2685 word,

830 1753 893 1783 and
902 1763 957 1783 are
966 1753 1045 1784 used
1056 1753 1284 1793 indifferently.
1307 1754 1367 1784 See
1378 1754 1471 1785 Face.

830 1804 910 1834 Lex.
924 1804 957 1833 in
972 1814 1001 1833 v.
1016 1807 1135 1834 vortex.

893 1853 906 1871 ⁵
924 1853 1114 1898 Emeundym
1127 1853 1166 1883 de
1179 1853 1303 1883 eaeculo.
1323 1853 1473 1883 Allusion

831 1903 859 1932 is
886 1903 1043 1942 probably
1066 1904 1159 1933 made
1182 1906 1217 1933 to
1241 1913 1255 1932 1
1282 1903 1358 1933 Cor.
1378 1913 1408 1933 v.
1427 1913 1474 1940 10,

833 1952 954 1991 quoted
962 1953 1072 1989 above,
1081 1962 1110 1982 c.
1118 1962 1165 1990 14.
1183 1952 1298 1991 Comp.
1306 1953 1357 1983 De
1365 1953 1473 1992 Speet.

833 2011 861 2031 c.
877 2003 906 2037 8,
921 2002 984 2031 and
998 2002 1098 2032 above
1112 2011 1140 2032 c.
1157 2005 1203 2032 16.

893 2050 908 2068 ⁶
921 2051 954 2080 in
968 2052 1072 2090 capite
1085 2052 1137 2088 sit,
1147 2053 1156 2068 ‘
1167 2052 1194 2081 if
1205 2051 1260 2081 the
1269 2052 1338 2081 fear
1348 2052 1385 2081 of
1395 2052 1475 2082 idol-

834 2103 904 2141 atry
918 2101 958 2130 be
978 2105 1014 2131 at
1034 2101 1090 2131 the
1111 2101 1213 2131 head’
1235 2101 1274 2140 (i.
1284 2111 1311 2132 e.
1330 2102 1372 2132 be
1391 2102 1475 2132 fore-

833 2149 946 2189 most).

895 2200 909 2220 ⁷
928 2209 990 2238 quo
1005 2199 1160 2238 ewpedila,
1175 2200 1233 2230 hoc
1244 2201 1381 2239 plenius.
1412 2200 1478 2230 For

836 2250 890 2280 the
909 2252 1084 2279 construet.
1108 2259 1215 2288 comp.
1237 2250 1314 2281 Tac.
1339 2251 1428 2280 Anu.
1450 2259 1475 2280 1.

833 2308 891 2338 57:
912 2302 1030 2338 quanto
1053 2299 1124 2338 quis
1142 2299 1283 2329 audacia
1300 2304 1476 2339 promptus,

834 2353 922 2380 tanto
942 2349 1045 2389 maqz’s
1058 2349 1160 2387 fidus.

895 2399 909 2417 ⁸
922 2407 985 2437 per
998 2408 1092 2438 quam
1106 2398 1315 2438 aqnoscimur.
1359 2398 1474 2438 Comp.

834 2448 885 2478 De
898 2449 1006 2487 Speet.
1021 2458 1047 2478 c.
1066 2458 1124 2485 24:
1144 2449 1258 2488 Itaque
1271 2452 1364 2488 neyat
1377 2450 1478 2478 mani-

826 2498 921 2537 fieste,
930 2498 995 2537 qui,
1005 2507 1066 2537 per
1078 2498 1164 2537 quod
1176 2499 1368 2538 aqnoecitur,
1382 2499 1475 2529 tollit.

897 2547 910 2566 ⁹
930 2548 1154 2579 accedentibus.
1188 2549 1360 2587 Comp.De
1368 2549 1475 2588 Spect.

836 2606 862 2627 ο.
880 2607 915 2627 1:
939 2598 994 2636 qui
1015 2606 1082 2627 cum
1098 2598 1232 2628 maz-ime
1244 2597 1290 2628 ad
1306 2597 1406 2628 Deum
1420 2607 1476 2629 ac-

836 2647 956 2678 ceditis.

1064 322 1286 366 Ceterum
1307 322 1464 366 inena-
1484 333 1523 365 c.
1540 334 1678 365 XXIV.
