1812 2956
88 2008 90 2010 ,
156 1986 256 2011 certain
267 1994 328 2011 cou-
378 2000 404 2021 ο.
420 1999 449 2027 4,
463 1999 494 2021 n,
510 1999 539 2026 4,

364 166 448 208 142
725 169 1140 208 TERTULLIANI
1173 168 1353 208 LIBER

170 312 331 344 GARX.
365 303 521 347 Altius
558 303 590 345 J
591 302 808 353 ohannes,
844 301 1007 352 Filioli,
1051 301 1215 357 inquit,
1253 302 1485 346 custodite
1520 308 1602 347 vos
1637 291 1698 346 ab

148 371 350 424 m
366 379 528 423 idolis!
574 394 668 422 non
699 379 800 434 jam
845 378 904 421 ab
939 377 1204 421 idololatria
1243 378 1373 433 quasi
1408 366 1572 431 officio,
1615 378 1700 424 sed

367 457 425 499 ab
455 456 604 508 idolis,
635 456 684 498 id
714 458 786 499 est
811 456 870 498 ab
899 455 999 511 ipsa
1028 455 1180 512 effigie
1209 469 1381 501 eorum.
1450 455 1700 513 Indignum

368 534 504 585 enim,
542 537 597 576 ut
641 533 796 590 imago
837 533 931 576 Dei
970 533 1060 576 vivi
1099 534 1253 590 imago
1289 533 1403 577 idoli
1442 538 1492 578 et
1527 534 1701 579 mortui

367 611 462 653 fias.
533 610 695 665 Usque
725 610 877 653 adhuc
911 610 1246 666 proprietatem
1274 611 1406 654 istius
1436 610 1621 655 habitus
1650 614 1702 656 et

370 702 431 730 ex
465 685 654 742 originis
683 688 862 730 censu²¹
898 691 947 730 et
984 701 1045 730 ex
1078 688 1416 744 superstitionis
1448 702 1536 731 usu
1567 687 1704 732 idolis

369 764 667 814 vindicamus,
703 778 764 807 ex
797 778 853 807 eo
892 768 1132 820 praeterea,
1171 765 1298 820 quod
1334 765 1445 808 dum
1479 765 1528 808 in
1563 765 1703 809 rebus

369 841 463 884 Dei
480 856 573 884 non
590 841 802 891 refertur,
821 842 967 897 magis
984 841 1222 898 magisque
1238 842 1422 885 illorum
1438 842 1702 899 deputatur,

369 919 417 961 in
455 933 650 973 quorum
688 922 738 961 et
773 918 1127 973 antiquitatibus
1163 923 1213 963 et
1240 919 1623 963 sollemnitatibus
1654 922 1704 962 et

372 995 532 1038 officiis
568 994 850 1038 convenitur.
920 995 1039 1050 Ipsae
1077 995 1319 1050 denique²2
1344 996 1480 1046 fores,
1513 999 1563 1038 et
1591 995 1703 1051 ipsae

371 1072 535 1115 hostiae
573 1075 623 1114 et
659 1086 760 1122 arae,
797 1071 885 1127 ipsi
919 1071 1115 1115 ministri
1155 1076 1205 1115 et
1241 1072 1506 1116 sacerdotes
1543 1085 1704 1115 eorum

373 1152 666 1192 coronantur.
735 1148 895 1191 Habes
930 1148 1134 1191 omnium
1163 1149 1463 1205 collegiorum
1493 1147 1706 1192 sacerdo-

372 1225 534 1268 talium
566 1239 758 1269 coronas
792 1225 917 1282 apud
952 1225 1208 1270 Claudium.
1274 1226 1368 1270 Sed
1402 1229 1452 1269 et
1484 1225 1610 1268 illam
1639 1224 1706 1268 in-

372 1303 698 1346 terstruximus
721 1302 1066 1346 distinctionem
1083 1302 1395 1346 differentium
1414 1302 1706 1346 rationalium

374 1383 423 1423 et
445 1379 779 1422 irrationalium
798 1379 864 1422 eis
883 1382 1217 1430 occurrentem,
1237 1380 1316 1435 qui
1337 1379 1706 1423 communionem

373 1456 422 1498 in
453 1456 663 1498 omnibus
698 1456 757 1499 de
793 1456 1080 1511 quorundam
1115 1456 1431 1513 exemplorum
1464 1455 1707 1500 occasione

376 1533 644 1576 defendunt.

156 1622 347 1678 52⁰3&ssss
469 1609 549 1651 Ad
577 1609 696 1652 hanc
724 1609 879 1664 itaque
908 1613 1088 1665 partem
1117 1623 1277 1654 causas
1298 1610 1399 1667 jam
1429 1610 1550 1667 ipsas
1578 1625 1707 1654 coro-

156 1684 293 1749 ξξθζξξξρἶ·
312 1713 341 1739 Β,
375 1685 526 1728 narias
555 1685 719 1741 inspici
747 1690 970 1742 superest,
1001 1690 1066 1738 ut,
1098 1687 1209 1729 dum
1240 1687 1524 1731 ostendimus
1554 1691 1708 1731 extra-

156 1743 334 1835 ἔξυὲεΞΞ-Ξξῗθ
375 1777 499 1813 neas,
528 1763 669 1805 immo
698 1766 747 1806 et
775 1763 1027 1806 contrarias
1056 1763 1318 1820 disciplinae,
1348 1764 1519 1824 nullam
1549 1778 1708 1808 earum

155 1834 316 1859 allowable?

157 1865 186 1890 It
193 1872 256 1895 may
268 1868 316 1890 not
326 1865 360 1890 be

156 1895 342 1950 ἓῐιιιῐιθιτῃθὲὶυῑο,
436 1892 460 1911 ²¹
484 1902 522 1923 ex
543 1892 677 1932 oriyinis
704 1901 804 1931 censu,
828 1892 929 1922 ‘from
951 1892 1008 1923 the

1074 1893 1151 1929 Leo,
1162 1893 1262 1925 Serm.
1277 1903 1305 1932 3,
1317 1893 1370 1924 De
1383 1893 1513 1925 Nativa
1529 1894 1568 1925 Si
1580 1894 1709 1926 coelestis

156 1956 231 1986 haps,
242 1933 349 1981 ufflg-
377 1943 512 1970 account
526 1940 561 1970 of
571 1940 612 1970 its
627 1939 754 1978 origin?
788 1940 848 1970 See
861 1940 911 1970 De
925 1940 1008 1970 Idol.

1074 1943 1196 1974 militiae
1207 1947 1433 1974 sacramentum
1445 1945 1630 1976 servaveris.

1133 1991 1149 2010 ⁸
1166 1993 1344 2032 superduci,
1359 1995 1370 2011 ‘
1378 1996 1412 2023 to
1423 1994 1463 2023 be
1475 1993 1663 2024 introduced
1675 1994 1709 2024 in

1074 2042 1217 2072 addition
1231 2043 1286 2080 to,'
1300 2043 1352 2072 for
1363 2043 1574 2082 superinduci.
1613 2043 1707 2074 Oehl.

1075 2094 1189 2131 quotes
1203 2092 1257 2122 Ad
1273 2092 1363 2122 Natt.
1377 2101 1403 2122 1.
1419 2102 1473 2123 112
1505 2092 1574 2123 Nec
1590 2095 1710 2123 tantum

156 2016 261 2047 ditions,
272 2018 306 2042 be

156 2047 301 2073 continued
314 2047 350 2073 in.
436 2039 465 2058 2²
485 2039 615 2079 denique
649 2040 709 2069 See
721 2040 831 2077 above,
845 2049 873 2070 c.
887 2050 915 2079 3,
929 2049 961 2070 n.
978 2050 1007 2078 3.

434 2089 463 2108 2³
481 2090 575 2129 quod.
617 2090 658 2119 s0
672 2090 716 2119 au
728 2090 784 2119 the
798 2090 891 2119 Mss.
933 2090 1008 2129 Rig.

374 2140 458 2169 from
481 2139 587 2170 Ursin.
608 2149 669 2178 quo
688 2139 801 2178 possit.
843 2138 867 2169 J
870 2148 923 2168 un.
947 2149 1008 2178 quo

367 2193 485 2229 posset.
525 2190 559 2219 If
570 2199 631 2229 quo
644 2190 684 2219 be
696 2190 782 2226 read,
794 2190 899 2228 possit
913 2189 941 2219 is
956 2198 1009 2219 re-

374 2241 497 2279 quired.

434 2290 463 2308 ²⁴
483 2291 566 2320 sicut
592 2293 623 2320 et
653 2289 792 2328 quidam,
814 2299 858 2319 sc.
880 2289 1008 2319 habitus

374 2339 586 2370 vindicantur.
623 2339 737 2378 Comp.
753 2339 804 2368 De
818 2339 899 2368 Idol.
915 2348 943 2369 c.
959 2341 1006 2368 16.

436 2390 495 2419 ch.
507 2390 568 2419 XI.
591 2389 600 2408 ¹
616 2390 650 2419 in
662 2392 769 2419 totum.
801 2389 879 2418 This
892 2389 1008 2428 phrase

373 2438 401 2469 is
431 2448 578 2468 common
604 2439 684 2469 with
713 2439 849 2469 Tertull.
913 2438 1007 2469 Oehl.

374 2491 489 2526 quotes
518 2497 637 2528 among
660 2489 752 2518 other
775 2498 935 2528 passages,
956 2488 1008 2518 De

373 2537 508 2567 Exhort.
519 2538 607 2568 Cast.
619 2548 645 2568 c.
657 2548 682 2575 1,
692 2548 752 2568 non
762 2548 850 2568 nosse
859 2539 892 2568 in
902 2542 1007 2570 totum.

374 2587 459 2616 Adv.
471 2587 571 2617 Marc.
582 2596 627 2618 1v.
640 2598 686 2625 12,
695 2588 729 2618 in
741 2591 837 2618 totum
847 2591 949 2618 autem
956 2597 1007 2618 er-

374 2636 490 2666 rabant
504 2637 678 2668 Pharisoei.

432 2684 447 2703 ²
466 2690 701 2719 sacramentum.
721 2687 770 2718 La
779 2688 883 2718 Cerda
894 2690 1008 2727 quotes

1074 2142 1108 2171 in
1128 2142 1186 2172 hoc
1205 2143 1326 2172 nomine
1342 2142 1391 2172 rei
1411 2142 1470 2181 (sc.
1486 2142 1636 2182 dicimur)
1658 2143 1710 2173 de-

1074 2195 1166 2221 sertae
1191 2193 1358 2222 communis
1383 2192 1556 2231 reliqionis,
1577 2192 1633 2222 sed
1655 2201 1710 2222 su-

1068 2241 1230 2279 perductae
1242 2244 1421 2271 monstrose
1432 2242 1673 2280 superstitionis.

1133 2289 1148 2307 ⁴
1166 2290 1361 2328 respondere,
1389 2291 1443 2320 ‘to
1465 2293 1556 2321 enter
1575 2291 1645 2321 into
1667 2300 1709 2322 an

1075 2339 1310 2379 engagement?
1356 2340 1411 2370 Ad
1443 2340 1578 2380 Martyr.
1611 2349 1639 2371 c.
1673 2350 1709 2379 3:

1079 2388 1190 2419 Vocati
1202 2398 1308 2418 sumus
1331 2389 1378 2418 ad
1387 2389 1535 2419 militiam
1552 2390 1619 2420 Dei
1631 2390 1708 2429 vivi,

1064 2438 1138 2476 jam
1160 2441 1223 2468 tum
1250 2448 1318 2469 cum
1343 2438 1378 2468 in
1402 2439 1591 2470 sacramenti
1613 2440 1709 2470 verba

1071 2488 1296 2527 respondimus.

1133 2537 1147 2556 ⁵
1179 2538 1299 2576 eierare
1328 2540 1462 2577 patrem.
1519 2538 1569 2568 La
1603 2538 1709 2569 Corda

1074 2590 1188 2627 quotes
1203 2589 1333 2618 Sueton.
1350 2589 1454 2627 Calig.
1469 2597 1497 2619 c.
1512 2596 1566 2626 15:
1586 2587 1640 2617 De
1658 2597 1710 2618 so-

1073 2638 1200 2668 roribus
1207 2638 1394 2677 auctorfitz't
1406 2641 1440 2668 ut
1450 2637 1589 2667 omnibus
1595 2645 1708 2669 sacrae

1073 2688 1183 2719 mentis
1195 2687 1394 2727 adjiceretur.
1435 2687 1546 2727 Neque
1557 2696 1604 2717 me
1613 2686 1708 2718 liber·
