1812 2956
497 218 583 255 DE
613 217 1062 256 IDOLOLATRIA.
1373 212 1455 254 101

200 347 360 393 Possit
381 348 430 392 in
446 348 538 394 isto
560 349 764 406 capitulo
783 349 926 394 etiam
947 349 1007 392 de
1029 348 1195 392 militia
1217 347 1461 392 definitum
1496 359 1536 391 c.
1552 359 1653 391 xlx.

113 423 274 477 videri,
295 440 399 482 quae
421 426 546 469 inter
569 426 848 483 dignitatem
872 429 922 470 et
945 429 1231 482 potestatem
1255 429 1339 470 est.
1392 425 1461 469 At
1477 441 1682 503 afflgsseg'goe·

113 517 238 548 nune
254 503 315 547 de
331 503 424 548 isto
442 503 679 559 quaeritur,
696 519 757 547 an
775 503 924 548 fidelis
941 503 1002 546 ad
1021 503 1235 546 militiam
1253 503 1463 547 converti
1478 502 1654 528 ”nmm-

64 572 68 576 ⁴
112 580 275 638 possit,
292 583 342 625 et
358 595 419 624 an
435 580 602 624 militia
622 581 684 624 ad
701 581 840 625 fidem
863 581 1050 624 admitti
1074 581 1217 624 etiam
1241 580 1463 637 caligata¹

114 653 190 699 vel
211 654 405 700 inferior
434 670 644 711 quaeque,
666 655 742 699 cui
771 671 866 700 non
894 656 956 699 sit
981 655 1235 699 necessitas
1258 654 1466 698 immola-

115 731 298 777 tionum
330 732 404 777 vel
439 733 707 790 capitalium
733 733 1033 790 judiciorum.
1103 733 1215 776 Non
1247 731 1466 776 convenit

115 814 407 855 sacramento
443 810 602 854 divino
649 815 699 855 et
740 811 956 862 humano,
999 810 1133 867 signo
1177 809 1375 867 Christi²
1416 812 1466 852 et

116 887 250 944 signo
284 887 471 939 diaboli,
503 888 667 931 castris
701 888 817 932 lucis
853 891 903 932 et
938 888 1102 931 castris
1136 887 1465 936 tenebrarum3

116 979 211 1008 non
230 968 389 1021 potest
408 979 501 1008 una
520 965 674 1008 anima
691 965 873 1008 duobus
892 964 1066 1015 deberi,
1085 964 1193 1008 Deo
1212 967 1262 1007 et
1282 963 1463 1007 Caesari.

116 1041 183 1086 Et
225 1041 428 1099 virgam⁸
470 1041 675 1099 portavit
711 1042 913 1098 Moyses,
955 1041 1166 1084 fibulam⁴
1202 1044 1252 1085 et
1287 1041 1462 1091 Aaron,
1482 1061 1567 1087 Exod.
1580 1061 1613 1086 iv.
1627 1062 1649 1086 2.

116 1117 322 1175 cingitur
334 1118 436 1163 loro
454 1123 505 1163 et
518 1119 551 1163 J
552 1119 771 1170 ohannes,
790 1134 961 1177 agmen
975 1119 1076 1176 agit
1092 1123 1142 1163 et
1155 1119 1188 1164 J
1190 1133 1296 1163 esus
1312 1119 1463 1170 Nave,
1481 1092 1664 1179 {ffii'ff

116 1195 306 1240 bellavit
349 1199 400 1240 et
438 1197 648 1254 populus,
693 1197 733 1241 si
769 1197 925 1254 placet
964 1197 1141 1241 ludere.
1215 1196 1465 1248 Quomodo
1482 1184 1566 1240 ἔξω
1579 1183 1650 1209 ⁸¹⁸³·

117 1277 277 1317 eutem
298 1273 505 1325 bellabit,
530 1274 673 1318 immo
693 1274 929 1330 quomodo
954 1275 1097 1318 etiam
1126 1274 1175 1316 in
1198 1288 1315 1330 pace
1345 1273 1465 1316 mili-

116 1350 261 1394 tabit⁵
291 1350 391 1395 sine
416 1350 588 1407 gladio,
618 1365 758 1406 quem
789 1351 1020 1394 Dominus
1048 1350 1277 1394 abstulit?
1339 1350 1465 1393 Nam

117 1427 208 1472 etsi
230 1427 429 1472 aderant
450 1428 623 1472 milites
644 1429 707 1471 ad
728 1429 761 1472 J
762 1428 993 1472 ohannem
1017 1431 1067 1471 et
1089 1428 1288 1471 formam
1308 1427 1465 1470 obser·
1481 1432 1548 1458 ΜΟ-
1562 1431 1597 1457 ffi
1616 1432 1654 1458 12

116 1506 314 1550 vationis
349 1510 643 1563 acceperant,
681 1506 721 1550 si
756 1507 899 1550 etiam
933 1505 1145 1550 centurio
1182 1506 1462 1557 crediderat,
1481 1514 1559 1539 Matt·
1572 1513 1624 1539 viii
1638 1513 1676 1539 1⁰-

115 1596 304 1627 omnem
339 1587 506 1640 postea
550 1583 747 1627 militem
785 1584 1016 1627 Dominus
1057 1584 1106 1626 in
1146 1584 1293 1627 Petro
1335 1597 1468 1626 exar-
1484 1590 1646 1647 gammi-

115 1660 312 1704 mando⁸
341 1660 573 1705 discinxit.
637 1661 806 1704 Nullus
836 1660 1023 1704 habitus
1055 1660 1212 1704 licitus
1244 1663 1317 1704 est
1341 1660 1468 1717 apud

116 1750 203 1782 nos
220 1737 383 1782 illicito
406 1738 534 1783 actui
556 1738 797 1795 ascriptus.

219 1815 315 1859 Sed
350 1816 475 1860 enim
511 1830 618 1859 cum
657 1816 969 1860 conversatio¹
1007 1815 1174 1859 divinae
1211 1815 1466 1872 disciplinae
1485 1822 1684 1855 CARXX.

1483 1879 1533 1903 We
1544 1880 1618 1903 must
1628 1879 1677 1903 not
1728 1903 1736 1909 ,

827 1932 883 1961 the
904 1931 1021 1961 buckle
1037 1941 1079 1961 on
1099 1931 1155 1961 the
1176 1932 1281 1968 boots,
1295 1931 1397 1961 lorum
1415 1931 1468 1961 for
1482 1909 1601 1964 fcffiffiffg
1601 1909 1669 1964 ¹1³1ss-

828 1981 884 2011 the
898 1981 1002 2020 thong
1014 1981 1119 2011 which
1134 1981 1200 2011 tied
1213 1981 1268 2011 the
1282 1982 1386 2010 boots.
1483 1970 1550 2025 ‘22¹3
1562 1969 1670 2025 (ὲξὴίῗξθ

888 2029 901 2047 ⁶
929 2029 1081 2068 quomodo
1121 2030 1155 2059 in
1188 2039 1271 2068 pace
1308 2029 1467 2060 militabit.
1483 2008 1559 2056 {beni
1568 2007 1658 2055 divffie

829 2079 916 2110 Here
927 2079 1064 2109 Tertull.
1077 2079 1168 2109 takes
1177 2073 1217 2109 an
1226 2083 1368 2109 extreme
1377 2079 1469 2117 view,
1484 2061 1611 2088 boumn*

830 2133 888 2160 not
902 2129 1087 2159 sanetioned
1106 2130 1146 2168 by
1160 2130 1215 2159 the
1237 2129 1322 2169 early
1337 2130 1468 2160 chureh.

831 2182 891 2211 See
907 2181 1005 2219 Apol.
1021 2190 1051 2210 c.
1066 2190 1122 2217 42:
1147 2179 1349 2220 Naviqamus
1367 2183 1397 2210 et
1414 2189 1471 2211 nos

115 1935 174 1971 69:
191 1932 275 1963 nihil
286 1932 427 1963 relictum
440 1932 693 1972 imperatoribus,
704 1932 758 1962 ubi

107 1983 236 2023 femina
261 1983 440 2022 manipulos
465 1983 639 2019 inter-visat,
664 1983 759 2021 siqua

118 2033 226 2070 adeat,
253 2033 454 2072 larqitionem
481 2036 581 2069 tentet,
607 2036 759 2071 tanquam

112 2091 232 2122 parum
245 2082 408 2113 ambitiose
412 2082 522 2122 filium
531 2082 621 2112 ducis
634 2081 759 2121 qreqali

118 2133 229 2163 habitu
239 2132 443 2172 circumferat
459 2132 676 2172 Caesaremque
693 2131 758 2162 Ca-

117 2182 251 2223 liqulam
265 2183 430 2222 appellari
443 2182 527 2214 velit.
550 2183 610 2213 See
618 2183 669 2213 De
682 2182 758 2213 eor.

118 2242 146 2263 c.
163 2242 190 2270 1,
204 2242 238 2263 n.
253 2234 282 2263 8.

177 2282 192 2301 ²
210 2283 301 2323 eiquo
314 2281 447 2314 evaristi.
473 2283 526 2314 De
541 2284 649 2323 Spect.
664 2292 692 2314 c.
711 2292 760 2321 24,

118 2333 282 2373 donoalo
290 2332 384 2372 fidei,
399 2343 430 2373 q.
446 2342 481 2364 v.

179 2382 194 2402 ⁸
212 2384 346 2423 virgam,
365 2384 439 2414 ‘the
464 2383 659 2414 centur-lon’s
678 2383 760 2421 rod,'

119 2432 222 2464 called
232 2433 404 2463 elsewhere
413 2433 496 2464 vitis.
522 2433 545 2463 J
546 2443 597 2463 uv.
608 2434 674 2463 Sat.
682 2442 761 2464 vm.

120 2490 196 2522 247:
218 2481 383 2513 Nodosam
401 2486 477 2522 post
498 2483 564 2513 hoec
582 2483 763 2523 franqebat

119 2531 234 2562 vertice
252 2531 356 2567 vitm,
372 2531 410 2562 Si
424 2532 524 2562 lentae
542 2533 647 2572 piqra
660 2532 762 2562 muni-

119 2584 168 2612 νει
180 2584 289 2612 caetra
299 2581 446 2612 dolabra.

180 2630 196 2649 ⁴
220 2631 370 2670 fibulam,
404 2631 478 2661 ‘the
507 2632 623 2662 buckle
657 2632 763 2662 which

119 2681 244 2712 {eatena
266 2682 322 2711 the
343 2682 484 2722 military
506 2681 628 2719 cloak3'
653 2682 765 2719 lorum,

118 2732 127 2746 ⁸
142 2732 197 2763 the
210 2732 339 2772 girdle.’
380 2732 476 2763 Some
497 2733 572 2763 take
585 2732 695 2772 fibula
715 2733 766 2762 for

830 2231 988 2261 vobiscum
1005 2233 1035 2261 et
1061 2230 1243 2261 militamus.
1279 2230 1394 2269 Comp.
1418 2230 1472 2260 De

832 2281 907 2312 Cor.
922 2290 949 2311 c.
966 2291 1013 2311 11.

890 2329 904 2348 ⁶
925 2331 958 2360 in
972 2331 1071 2361 Petro
1091 2331 1296 2361 exarmando.
1340 2330 1399 2361 See
1420 2329 1473 2360 De

833 2381 907 2411 Cor.
923 2390 950 2411 c.
962 2391 988 2418 1,
1003 2390 1037 2412 n.
1051 2392 1080 2420 9.

893 2431 952 2462 Ch.
970 2432 1051 2461 XX.
1094 2431 1109 2449 ¹'
1126 2431 1380 2462 conversationem
1404 2431 1474 2461 He-

832 2482 941 2512 mldus
969 2481 1102 2521 (quoted
1129 2483 1170 2521 by
1199 2482 1310 2521 Oehl.)
1335 2482 1410 2512 tells
1435 2491 1475 2511 ns

833 2533 906 2562 that
940 2532 1135 2562 conversatio
1175 2541 1315 2561 answers
1349 2535 1384 2561 to
1418 2532 1475 2562 the

836 2581 944 2611 Greek
967 2581 1139 2618 πολιτεία,
1165 2581 1277 2610 ‘mode
1299 2582 1335 2611 of
1351 2581 1475 2620 living)

835 2633 874 2662 In
891 2631 1055 2670 Scripture
1079 2631 1281 2671 ἀναστροφή
1303 2631 1330 2660 is
1348 2631 1428 2661 used
1441 2632 1476 2662 in

836 2682 900 2711 this
915 2690 1015 2718 sense,
1031 2681 1114 2711 Heb.
1129 2681 1194 2712 xiii.
1212 2690 1247 2720 73
1263 2691 1276 2710 1
1293 2681 1364 2712 Pet.
1377 2681 1410 2712 ii.
1427 2684 1493 2713 12?

836 2732 967 2762 DeCor.
977 2741 1004 2762 c.
1012 2733 1039 2769 8,
1049 2731 1335 2763 conversationibus
1344 2731 1476 2763 Christi.
