1812 2956
137 333 240 364 CAP.
255 332 298 365 V.

118 1333 133 1358 1
145 1332 204 1357 Cor.
217 1338 240 1357 x.
255 1332 277 1357 6.

121 1634 204 1660 Exod.
217 1640 260 1659 xx.
273 1636 295 1659 4.

334 184 389 227 66
693 189 1095 227 TERTULLIANI
1125 190 1300 227 LIBER

333 335 435 377 quae
467 320 757 377 dispositioni
779 320 916 363 alicui
939 334 1118 363 arcanae
1141 321 1543 376 praestruebantur,
1566 312 1662 362 non

332 398 394 441 ad
416 395 758 454 erogationem⁷
791 397 909 454 legis
940 397 1024 441 sed
1054 396 1114 440 ad
1146 396 1475 453 exemplarium
1511 407 1662 439 causae

333 476 459 519 suaess.
528 473 750 529 Alioquin
788 473 827 517 si
863 474 962 518 haec
996 477 1051 517 ut
1090 473 1338 516 adversarii
1373 473 1487 530 legis
1522 472 1665 515 inter-

333 555 583 609 pretemur,
617 550 842 606 numquid
876 554 926 594 et
959 565 1056 602 nos,
1093 550 1219 605 quod
1253 553 1303 593 et
1338 547 1663 600 Marcionitae⁹‚

333 629 691 673 inconstantiam
725 627 993 671 ascribimus
1042 626 1376 683 Omnipotenti,
1420 639 1558 681 quem
1598 623 1666 667 illi

333 706 422 750 hoc
445 706 586 750 modo
610 706 856 749 destruunt
876 708 930 748 ut
951 704 1234 755 mutabilem,
1258 704 1370 746 dum
1392 702 1503 745 alibi
1522 703 1666 751 vetat,

334 783 444 826 alibi
488 782 714 826 mandat?
805 782 853 826 Si
898 782 999 838 quis
1044 785 1201 825 autem
1243 779 1500 824 dissimulat
1540 777 1668 821 illam

336 860 534 916 effigiem
557 859 666 903 aerei
686 859 912 916 serpentis
940 859 1146 916 suspensi
1177 858 1225 900 in
1254 857 1444 901 modum
1473 856 1669 912 figuram

336 938 601 993 designasse
623 937 865 980 dominieae
895 936 1043 980 erucis
1067 951 1094 979 a
1118 935 1421 992 serpentibus,
1444 933 1494 976 id
1517 936 1590 977 est
1608 932 1669 975 ab

336 1014 512 1070 angelis
552 1013 738 1065 diaboli,
782 1013 1046 1057 liberaturae
1085 1026 1182 1064 nos,
1224 1012 1336 1055 dum
1375 1025 1458 1067 per
1503 1012 1671 1054 semet-

335 1091 486 1148 ipsum
509 1091 756 1142 diabolum,
780 1090 831 1133 id
854 1094 926 1134 est
949 1093 1226 1146 serpentem,
1255 1088 1555 1131 interfectum
1575 1099 1670 1130 sus-

335 1168 512 1225 pendit,
550 1168 644 1212 sive
681 1182 783 1223 quae
818 1168 908 1210 alia
940 1168 1100 1223 figurae
1132 1166 1265 1210 istius
1301 1163 1532 1221 expositio
1571 1163 1671 1219 dig-

336 1245 541 1288 nioribus
567 1244 771 1288 revelata
803 1247 889 1296 est,
922 1243 1174 1286 dummodo
1206 1242 1440 1299 apostolus
1473 1240 1672 1284 affirmet

337 1322 492 1366 omnia
525 1325 637 1365 tunc
671 1323 868 1378 figurate
894 1321 1065 1378 populo
1088 1320 1324 1369 accidisse,
1347 1319 1481 1371 bene,
1507 1316 1672 1372 quod¹⁰

335 1397 462 1440 idem
492 1396 636 1447 Deus,
661 1398 752 1439 ut¹l
775 1396 881 1452 lege
904 1395 1052 1439 vetuit
1085 1393 1433 1438 similitudinem
1461 1392 1571 1443 fieri,
1594 1406 1674 1436 ex-

336 1473 645 1517 traordinario
681 1476 916 1530 praeccpto
956 1471 1183 1528 serpentis
1221 1468 1568 1514 similitudinem
1606 1467 1673 1511 in-

337 1550 583 1595 terdixit¹².
628 1550 677 1594 Si
697 1550 896 1593 eundem
921 1549 1077 1592 Deum
1100 1548 1328 1596 observas,
1353 1546 1496 1588 habes
1518 1544 1672 1600 legem

337 1627 449 1683 ejus,
484 1627 560 1670 Ne
595 1626 762 1670 feceris
798 1624 1157 1669 similitudinem.
1228 1622 1277 1666 Si
1308 1626 1358 1666 et
1387 1623 1674 1678 praeceptum

339 1757 448 1788 Christ
456 1757 614 1788 crucified.
642 1756 766 1787 Tertul.
775 1756 858 1786 Adv.
868 1756 970 1786 Marc.

338 1816 379 1838 11.
392 1817 419 1837 c.
436 1817 485 1843 22,
500 1816 569 1846 says
587 1807 654 1837 also
675 1807 748 1836 that
765 1806 798 1835 in
819 1806 883 1836 this
902 1814 973 1835 case

338 1858 430 1887 there
456 1866 522 1886 was
549 1865 591 1886 no
618 1856 765 1894 idolatry,
790 1856 925 1885 because
946 1855 974 1885 it

338 1916 405 1937 was
419 1909 477 1937 not
496 1909 544 1936 set
566 1915 610 1945 up
626 1906 678 1935 for
699 1905 840 1944 worship
863 1914 900 1934 or
919 1913 975 1934 re-

339 1966 483 1994 verence,
499 1957 559 1986 but
571 1958 606 1985 to
615 1955 688 1985 heal
702 1955 794 1985 those
802 1955 875 1984 who
890 1963 974 1984 were

340 2007 480 2036 stricken
493 2006 572 2036 with
586 2006 641 2035 the
654 2005 784 2044 plague.

398 2056 413 2077 ⁷
433 2056 654 2095 eroqatiomm.
675 2054 699 2085 J
702 2055 794 2085 unius
807 2055 890 2084 from
899 2063 975 2084 con-

335 2106 414 2146 ject.
429 2105 669 2144 derogationem,
682 2105 738 2134 the
754 2113 872 2143 proper
890 2103 977 2143 legal

341 2159 445 2192 πει-ως
466 2155 526 2184 but
545 2154 669 2184 Tei-tul.
698 2154 788 2184 often
810 2162 883 2183 uses
905 2162 976 2183 ero-

341 2215 430 2245 qare,
451 2206 504 2235 ‘to
517 2207 628 2242 waste,
649 2212 808 2240 consume,
825 2201 976 2242 destroy.'

343 2256 402 2285 See
415 2255 467 2285 De
482 2255 588 2293 Spect.
604 2263 633 2283 c.
647 2262 694 2290 12,
708 2261 739 2283 n.
754 2255 785 2283 6.

399 2305 414 2325 ⁸
439 2304 486 2334 ad
510 2302 733 2342 exemplarium
766 2310 870 2331 causoe
902 2310 977 2337 suoe,

343 2356 353 2372 ‘
362 2364 396 2384 as
407 2363 447 2384 an
459 2354 594 2384 emblem
604 2353 640 2382 of
651 2352 722 2382 that
730 2351 833 2381 which
848 2351 977 2380 causeth

342 2405 431 2435 them
445 2406 479 2433 to
493 2404 533 2433 be
546 2403 658 2432 made?
678 2402 844 2440 Dodgson.
880 2409 978 2430 causa

343 2454 372 2484 is
385 2454 441 2483 the
461 2453 555 2491 thing
572 2452 729 2491 signified,
752 2451 808 2481 the
831 2449 979 2480 crucified

345 2503 487 2540 Saviour,
507 2503 543 2532 of
558 2501 663 2531 which
686 2501 742 2531 the
765 2502 894 2538 serpent
913 2507 979 2528 was

346 2554 403 2583 the
417 2556 503 2592 type.
545 2552 587 2582 So
603 2551 688 2581 Adv.
702 2550 803 2580 Marc.
818 2558 857 2579 11.
875 2558 904 2579 e.
919 2558 956 2580 22
970 2559 978 2580 :

352 2602 494 2633 Proinde
507 2605 536 2632 et
545 2600 780 2631 similitudinem
792 2602 898 2629 vetans
900 2598 981 2638 fieri

347 2651 654 2682 omnium...ostendit
666 2654 694 2680 et
711 2659 824 2680 causas
843 2649 981 2679 idolola-

346 2702 419 2733 trioe
433 2702 552 2732 scilicet
564 2700 770 2731 substantiam
783 2698 964 2730 cohibentes.

1099 1754 1114 1772 ⁹
1133 1753 1348 1784 Marcionitae.
1363 1751 1450 1782 Adv.
1464 1751 1566 1782 Maro.
1585 1758 1625 1780 11.
1643 1759 1672 1782 ο.

1042 1815 1093 1836 21:
1119 1804 1174 1835 Sic
1195 1807 1225 1834 et
1245 1804 1278 1833 in
1306 1802 1416 1833 ceteris
1437 1801 1675 1832 contrarietates

1038 1857 1262 1894 praeceptorum
1281 1853 1310 1883 ei
1323 1852 1498 1891 exprobras
1516 1853 1551 1881 ut
1567 1849 1675 1881 mobili

1042 1907 1071 1934 et
1084 1904 1236 1934 instabili.

1103 1953 1129 1972 ¹⁰
1150 1954 1222 1983 bene
1234 1952 1328 1992 quod.
1360 1951 1482 1988 Below,
1496 1960 1523 1981 c.
1539 1957 1587 1990 15,
1602 1949 1676 1980 bene

1043 2003 1128 2043 quod
1139 2003 1287 2042 apposuit
1293 2012 1308 2038 ;
1329 2001 1393 2031 and
1406 2010 1436 2031 c.
1451 2011 1499 2039 23,
1511 2000 1583 2030 bene
1591 1999 1678 2038 quod

1043 2053 1199 2083 Dominus
1213 2052 1305 2082 dixit,
1350 2051 1443 2081 Oehl.
1459 2052 1572 2089 quotes
1586 2048 1677 2088 Apo-

1042 2103 1108 2142 log.
1123 2112 1151 2133 c.
1173 2110 1208 2141 7:
1228 2102 1300 2132 bene
1320 2104 1432 2138 autem,
1454 2099 1539 2140 quod
1559 2102 1677 2138 tempus

1045 2153 1150 2183 omnia
1175 2152 1303 2183 revelat.
1342 2151 1394 2181 De
1425 2150 1450 2181 J
1452 2150 1535 2189 ejun.
1563 2158 1591 2179 c.
1618 2157 1675 2187 13:

1044 2203 1116 2232 bene
1127 2205 1238 2239 autem,
1248 2201 1333 2241 quod
1342 2204 1371 2231 et
1379 2200 1517 2239 episcopi
1524 2199 1677 2229 universe

1039 2252 1128 2290 plebi
1133 2251 1259 2288 ,ieiunia
1272 2250 1424 2280 mandare
1436 2249 1583 2279 assolent.

1106 2300 1130 2321 ¹¹
1151 2304 1196 2331 ut.
1236 2300 1305 2330 The
1320 2300 1414 2330 MSS.
1429 2299 1506 2329 read
1519 2301 1558 2329 et.
1584 2298 1677 2330 Pam.

1045 2351 1109 2381 and
1136 2350 1211 2389 Rig.
1241 2349 1306 2388 qui.
1346 2349 1462 2379 Junius
1491 2347 1612 2378 retains
1637 2349 1677 2385 et,

1045 2400 1109 2429 and
1122 2400 1237 2429 inserts
1250 2402 1279 2428 et
1287 2398 1395 2428 before
1409 2396 1679 2428 extraordinario.

1048 2449 1168 2479 Oehler
1180 2449 1221 2488 by
1239 2448 1375 2486 conject.
1387 2451 1432 2484 ut,
1450 2447 1554 2477 which
1573 2447 1600 2476 is
1621 2446 1678 2477 the

1046 2499 1127 2529 least
1140 2499 1294 2528 variation
1307 2498 1390 2527 from
1403 2498 1459 2527 the
1470 2497 1564 2528 MSS.

1108 2547 1133 2566 ¹²
1151 2547 1325 2578 interdixit.
1369 2547 1411 2578 So
1440 2547 1484 2577 all
1503 2546 1560 2576 the
1583 2544 1679 2580 MSS.

1047 2598 1110 2628 and
1124 2597 1209 2636 early
1227 2597 1311 2628 Edd.
1352 2597 1428 2635 Rig.
1449 2596 1532 2626 from
1557 2594 1678 2634 conjec.

1047 2647 1174 2678 indixit.
1198 2647 1303 2677 Latin.
1309 2647 1389 2686 fieri
1397 2645 1503 2684 jussit.
1537 2645 1614 2675 Jun.
1628 2643 1679 2673 in·

1047 2697 1196 2728 terduoeit.
1213 2697 1370 2736 Dodgson
1379 2696 1496 2727 retains
1505 2693 1681 2731 interdixit,
