1812 2956
493 195 580 232 DE
611 195 1040 235 SPEOTAC'ULIS.
1396 193 1458 234 '23

108 329 253 372 tutos.

107 404 270 450 Liberi
303 408 364 450 -et
402 404 603 448 Veneris
646 404 970 461 patrocinium.
1029 406 1142 457 Quae
1178 405 1359 463 privata
1402 410 1452 450 et

105 483 291 540 propria
332 486 442 527 sunt
484 497 648 535 scenae,
683 482 744 526 de
783 486 923 539 gestu
958 486 1007 527 et
1051 483 1258 540 corporis
1297 484 1450 528 fluxu⁹

103 559 348 605 mollitiam
357 562 389 589 ¹⁰
427 561 604 605 Veneri
640 564 690 604 et
723 561 898 604 Libero
932 561 1228 615 immolantss,
1267 561 1334 605 illi
1367 577 1452 619 per

105 652 285 690 sexum,
320 638 388 682 illi
408 653 494 696 per
524 639 704 682 fluxum
739 638 1041 684 dissolutis¹²:
1077 654 1177 695 quae
1201 654 1317 683 vero.
1335 655 1450 685 voce

103 719 154 760 et
176 716 328 761 modis
351 720 402 761 et
425 716 612 774 organis
636 720 686 760 et
706 716 817 774 lyris
843 717 1178 774 transiguntur,
1203 717 1446 774 Apollines

101 797 153 839 et
198 795 357 839 Musas
398 799 449 839 et
492 795 727 839 Minervas
770 798 821 839 et
863 795 1124 839 Mercurios
1170 795 1448 852 mancipes¹³

99 871 289 917 habent.
361 872 544 923 Oderis,
571 872 848 925 Christiane,
875 886 1074 927 quorum
1107 875 1325 916 auctores
1347 887 1443 916 non

97 954 236 1007 potes
269 964 361 994 non
404 950 570 994 odisse.
640 950 749 994 Jam
784 964 908 993 nunc
940 949 1152 993 volumus
1189 964 1443 1006 suggerere

97 1027 158 1072 de
180 1027 359 1072 artibus
381 1031 432 1071 et
455 1027 516 1071 de
532 1026 616 1079 his,
638 1041 834 1083 quorum
848 1030 1065 1071 auctores
1076 1026 1126 1070 in
1139 1027 1403 1071 nominibus
1412 1028 1445 1056 ¹4

96 1119 404 1150 exsecramur.
465 1105 646 1150 Scimus
669 1105 783 1148 nihil
804 1120 906 1149 esse
925 1105 1114 1149 nomina
1134 1109 1440 1157 mortuorum,

94 1182 217 1227 sicut
240 1186 291 1228 et
322 1183 422 1240 ipsa
445 1182 692 1227 simulacra
722 1197 886 1226 eorum
907 1183 991 1226 sed
1024 1197 1119 1226 non
1151 1183 1436 1239 ignoramus,

93 1261 173 1317 qui
193 1261 279 1305 sub
298 1261 400 1306 istis
423 1261 687 1305 nominibus
714 1260 942 1304 institutis
966 1260 1221 1324 simulacris
1246 1275 1439 1317 operen-

90 1342 170 1383 tur
193 1342 243 1383 et
264 1339 504 1397 gaudeant
526 1342 577 1383 et
600 1338 892 1382 divinitatem
915 1338 1218 1389 mentiantur,
1237 1353 1438 1394 nequam

90 1417 280 1474 spiritus
309 1417 501 1471 scilicet,
534 1417 780 1461 daemones.
850 1415 1080 1460 Videmus
1110 1416 1256 1472 igitur
1289 1416 1433 1460 etiam

87 1498 214 1540 artes
260 1509 423 1540 eorum
458 1494 712 1538 honoribus
755 1494 935 1537 dicatas
978 1509 1093 1545 esse,
1133 1494 1212 1550 qui
1244 1495 1435 1539 nomina

85 1571 296 1616 incolunt
317 1574 562 1615 auctorum
583 1586 759 1622 earum,
786 1585 874 1614 nec
898 1570 957 1614 ab
978 1570 1245 1615 idololatria
1266 1586 1432 1616 vacare

85 1664 281 1709 quarum
303 1649 597 1693 institutores
628 1649 772 1692 etiam
795 1651 1051 1706 propterea
1081 1649 1148 1692 dii
1182 1648 1427 1693 habentur.

79 1794 206 1836 fel-ing?
225 1796 279 1827 De
293 1796 382 1828 Cult.
392 1796 496 1828 Foem.
511 1805 549 1828 11.
565 1806 596 1835 9,
618 1797 721 1827 humi-

79 1845 200 1877 litatem
219 1846 336 1877 animoe
354 1855 421 1877 suoe
440 1847 474 1876 in
487 1847 588 1877 victus
601 1857 722 1887 quoque

788 1806 881 1837 other
894 1807 1036 1846 through
1050 1807 1100 1838 his
1113 1807 1342 1839 wantonness.’

848 1856 876 1875 ¹⁸
894 1858 1062 1897 mancipes,
1089 1861 1232 1897 patrous.
1268 1861 1319 1892 De
1346 1863 1430 1895 Idol.

323 327 390 371 Et
432 329 506 371 est
543 326 682 383 plane
717 326 766 369 in
806 327 984 371 artibus
1026 342 1211 383 quoque
1257 328 1453 372 scenicis
1495 340 1658 373 CARX.

79 1895 287 1936 castiqatione
298 1896 365 1926 Da·
382 1896 554 1927 immolant.
588 1897 640 1926 De
655 1898 721 1927 Pu-

79 1945 142 1978 dio.
164 1955 192 1976 c.
216 1955 265 1983 xo,
285 1945 324 1977 Si
337 1946 554 1986 paenitentiam
572 1946 642 1977 Deo
659 1948 718 1977 im-

76 1995 216 2027 molarit.
255 1995 308 2026 De
335 1997 418 2027 Idol.
452 2006 480 2027 c.
506 1999 536 2034 6,
562 1997 721 2036 inqenium

75 2048 163 2076 tunm
186 2046 341 2077 immolae.
373 2046 425 2077 De
440 2047 516 2078 Cor.
531 2057 560 2078 c.
577 2057 624 2085 ιο,
644 2047 719 2079 Hoc

75 2097 156 2127 atim
167 2096 265 2128 idolis
277 2098 469 2129 immolatur.

136 2145 164 2166 ¹⁸
182 2146 355 2178 dieeolutis.
375 2148 497 2180 Pamel.
510 2149 604 2178 reads
614 2149 717 2179 disso-

74 2195 145 2236 tuti,
166 2197 231 2227 and
252 2190 440 2228 Herald.'in
463 2198 586 2229 Arnob.
612 2208 659 2230 νῐ.
681 2209 714 2239 p.

74 2255 142 2286 197,
167 2250 282 2287 quotes
309 2248 373 2278 this
405 2258 553 2289 passage,
580 2252 716 2291 reading

73 2297 228 2335 dinooluti,
241 2299 304 2328 and
322 2300 500 2339 proposing
520 2300 574 2331 isti
587 2302 639 2331 for
652 2302 716 2333 illi.

73 2346 145 2378 Tho
171 2357 316 2388 passage,
338 2358 374 2379 as
396 2351 473 2380 read
494 2351 527 2380 in
553 2352 608 2382 the
629 2355 712 2388 text,

71 2404 150 2427 mm
171 2397 268 2428 thus:
295 2399 403 2429 ‘what
429 2409 484 2430 ure
509 2410 629 2441 proper
649 2404 713 2433 and

69 2446 214 2485 peculin-
229 2450 264 2478 to
283 2448 339 2479 the
353 2452 454 2489 stage,
477 2451 661 2493 effeminacy
679 2454 712 2483 in

69 2498 212 2536 gesture,
226 2498 290 2528 and
304 2502 435 2529 wauton
451 2504 582 2539 posture
603 2503 640 2532 of
657 2503 712 2533 the

69 2545 163 2586 body,
184 2556 258 2578 men
284 2549 430 2580 dedicate
456 2559 491 2580 as
519 2561 539 2581 a
565 2552 712 2591 pleasant

69 2595 207 2636 offex-ing
223 2600 258 2627 to
272 2598 383 2629 Venus
401 2601 465 2630 and
479 2601 634 2640 Bacchus,
655 2603 711 2633 the

69 2653 131 2677 one
151 2647 306 2679 dissolute
327 2649 467 2690 through
489 2651 548 2682 her
568 2662 634 2691 sex,
655 2654 711 2684 the

787 1917 816 1938 c.
832 1917 859 1944 1,
873 1908 1033 1946 mancipes
1046 1909 1214 1939 idolorum.

848 1956 875 1975 ¹⁴
894 1957 928 1986 in
941 1958 1125 1995 nominibus,
1146 1960 1156 1975 ‘
1168 1959 1277 1990 whose
1299 1960 1428 1992 invent-

786 2015 838 2035 ors
852 2015 901 2036 we
915 2007 1020 2036 detest
1033 2007 1066 2036 in
1086 2007 1170 2037 their
1191 2010 1325 2039 names?
1357 2012 1428 2042 The

784 2055 951 2086 inventors
965 2057 1002 2085 of
1011 2061 1078 2086 arts
1088 2057 1195 2087 would
1210 2062 1267 2088 not
1278 2059 1310 2088 in
1322 2061 1426 2091 them-

784 2106 885 2137 selves
918 2107 998 2137 have
1032 2107 1112 2137 been
1149 2108 1335 2149 detestable,
1367 2112 1427 2143 but

783 2156 868 2186 their
881 2166 987 2187 names·
999 2157 1079 2187 have
1090 2158 1221 2188 become
1234 2169 1280 2196 so,
1291 2161 1426 2192 because

782 2206 857 2246 they
867 2207 946 2237 have
958 2208 1039 2238 been
1054 2209 1147 2249 made
1156 2209 1279 2248 objects
1294 2211 1331 2240 of
1341 2212 1424 2242 idol-

781 2259 863 2296 atry.
899 2257 1010 2288 Under
1030 2259 1121 2289 these
1135 2269 1255 2298 names,
1271 2270 1306 2290 as
1320 2263 1424 2293 under

781 2307 836 2337 the
850 2307 933 2336 form
948 2308 985 2338 of
999 2309 1130 2348 mages,
1156 2310 1218 2340 evil
1241 2311 1349 2350 spirits
1369 2321 1423 2343 are

780 2357 994 2396 worshIpped.
1047 2360 1089 2389 So
1122 2360 1194 2390 that
1227 2361 1282 2391 the
1315 2362 1423 2401 spirits

780 2415 851 2446 may
865 2407 904 2437 be
919 2408 986 2438 said
1002 2411 1036 2438 to
1057 2410 1131 2440 take
1151 2420 1195 2449 up
1216 2411 1300 2441 their
1319 2413 1422 2443 abode

778 2456 811 2486 in
828 2466 936 2487 names
958 2459 1021 2488 and
1040 2460 1162 2499 images
1183 2462 1287 2491 which
1312 2472 1367 2493 are
1387 2463 1420 2494 in

778 2507 969 2537 themselves
983 2510 1131 2549 nothing,
1147 2511 1206 2541 but
1221 2513 1351 2543 become
1366 2514 1420 2544 the

778 2558 955 2588 habitation
967 2560 1003 2589 of
1014 2560 1165 2592 daemons,
1187 2562 1335 2601 incolunt,
1347 2565 1419 2595 ‘oc-

778 2617 860 2648 cupy
874 2618 908 2638 as
924 2609 1096 2648 inquilini.’
