1812 2956
517 194 605 232 DE
634 191 1076 232 IDOLOLATRIA.
1412 186 1467 233 71

120 327 218 374 tiae.
287 326 384 372 Sed
406 326 466 371 de
490 327 784 371 mercedibus
808 329 859 370 et
880 339 1045 369 manus
1074 323 1237 382 pretiis
1260 324 1469 368 interest.
1491 334 1692 367 CARVm.

123 404 332 450 Proinde
357 404 556 449 interest
578 407 628 448 et
651 404 711 448 de
734 404 907 448 labore.
977 401 1135 446 Minor
1168 416 1350 446 merces
1378 402 1473 446 fre-

124 483 370 540 quentiore
409 485 520 527 actu
559 485 847 540 repensatur.
927 481 1055 533 Quot
1095 480 1298 537 parietes
1339 479 1472 537 signa

123 560 420 606 desiderant!
487 560 617 613 Quot
639 560 815 617 templa
838 563 888 603 et
919 558 1044 602 aedes
1074 557 1212 602 idolis
1242 557 1473 601 aedifican-

122 639 234 685 tur!
300 640 484 684 Domus
510 654 622 684 vero
646 643 696 683 et
718 638 902 683 insulae⁹
932 637 1142 694 quantae!
1214 637 1387 681 Soccus
1423 640 1474 681 et

122 718 248 762 baxa
264 717 474 774 quotidie
492 716 790 769 deaurantur,
809 715 1070 760 Mercurius
1094 718 1144 759 et
1170 715 1355 772 Serapis
1378 729 1473 758 non

125 795 348 853 quotidie.
420 794 628 839 Sufficiat
662 794 724 836 ad
758 796 981 849 quaestum
1011 791 1342 836 artificiorum:
1379 792 1473 836 fre-

125 873 342 930 quentior
365 875 438 917 est
446 873 478 900 ¹⁰
498 871 625 916 omni
642 871 973 928 superstitione
990 869 1173 913 luxuria
1191 873 1241 913 et
1264 870 1471 914 ambitio.

123 951 307 995 Lances
326 953 378 994 et
395 949 593 1007 scyphos
608 948 788 992 facilius
812 947 1007 991 ambitio
1032 961 1171 1003 quam
1195 947 1466 1004 superstitio

123 1027 422 1074 desiderabit.
495 1026 702 1070 Coronas
727 1040 912 1082 quoque
935 1025 1085 1082 magis
1102 1024 1301 1076 luxuria,
1327 1039 1469 1081 quam

122 1105 407 1151 sollemnitas
425 1107 603 1162 erogat.
660 1104 779 1148 Cum
798 1104 943 1161 igitur
966 1103 1028 1146 ad
1050 1102 1150 1147 haec
1169 1103 1471 1147 artificiorum

122 1197 300 1241 genera
334 1182 646 1234 cohortemur,
689 1197 792 1238 quae
832 1181 1010 1225 idolum
1055 1181 1244 1237 quidem
1282 1185 1332 1225 et
1371 1195 1471 1236 quae

121 1259 250 1304 idolo
279 1263 556 1317 competunt
581 1274 676 1303 non
705 1259 956 1315 attingant,
988 1258 1082 1302 sint
1111 1262 1270 1302 autem
1304 1262 1354 1302 et
1384 1258 1469 1301 ho-

122 1337 324 1381 minibus
347 1337 611 1381 communia
634 1351 757 1394 saepe
781 1352 885 1392 quae
914 1340 965 1380 et
994 1336 1143 1387 idolis,
1164 1336 1255 1380 hoc
1286 1350 1471 1391 quoque

124 1429 290 1460 cavere
323 1415 562 1467 debemus,
594 1429 654 1459 ne
686 1414 799 1470 quid
830 1414 1084 1465 scientibus
1121 1413 1256 1457 nobis
1292 1414 1352 1456 ab
1390 1413 1471 1456 ali-

123 1493 291 1550 quibus
319 1493 381 1537 de
409 1492 621 1536 manibus
650 1492 822 1536 nostris
852 1491 901 1534 in
927 1506 1028 1535 rem
1060 1491 1292 1534 idolorum
1316 1494 1473 1547 postu-

120 1570 258 1616 letur.
331 1569 471 1622 Quod
491 1570 530 1614 si
553 1569 918 1614 concesserimus
942 1572 992 1612 et
1014 1583 1108 1612 non
1131 1568 1351 1612 remediis
1374 1571 1473 1611 tam

125 1646 310 1693 usitatis
333 1646 623 1704 egerimus1¹‚
648 1661 742 1691 non
771 1649 887 1703 puto
913 1660 999 1690 nos
1028 1660 1058 1689 a
1084 1645 1304 1702 contagio
1327 1645 1474 1688 idolo-

122 1725 272 1770 latriae
306 1739 485 1775 vacare,
525 1739 723 1780 quorum
760 1738 923 1768 manus
954 1738 1049 1767 non
1078 1722 1395 1780 ignorantium
1424 1723 1474 1765 in

123 1803 277 1848 officio
299 1802 374 1847 vel
395 1802 446 1845 in
466 1801 644 1846 honore
669 1804 719 1845 et
741 1816 829 1845 usu
853 1801 1188 1862 daemoniorum
1218 1799 1475 1856 deprehen-

124 1879 310 1924 duntur.

220 1956 649 2000 Animadvertimus
681 1956 805 2000 inter
838 1959 964 2000 artes
995 1955 1140 1999 etiam
1163 1955 1474 2012 professiones
1498 1973 1599 2005 CAp
1617 1975 1683 2006 1x,

124 2082 518 2114 xxxv1.7‚11‚marmor
531 2073 674 2104 undatim
688 2073 768 2104 cris-

122 2132 210 2164 pum.

186 2173 201 2194 ⁷
221 2173 405 2204 latitudines
417 2183 504 2211 suas,
518 2173 527 2191 ‘
537 2173 771 2213 employments

125 2223 240 2255 within
253 2225 310 2255 the
323 2233 469 2264 compass
483 2225 520 2254 of
529 2224 578 2254 his
593 2223 666 2253 art?

836 2071 961 2112 subject
981 2071 1018 2101 of
1031 2071 1198 2112 sufficiat·
1188 2080 1216 2100 ιε
1227 2070 1478 2110 frequentiorem

837 2132 911 2159 esse,
940 2121 1089 2161 supplied
1120 2121 1203 2151 from
1240 2121 1296 2151 the
1327 2125 1513 2178 sentenceg

837 2172 943 2203 which
956 2172 1093 2201 follows.

901 2221 926 2240 ¹¹
947 2222 976 2251 εἰ
998 2221 1145 2251 remediis
1167 2224 1233 2251 tam
1258 2221 1387 2250 usitatis
1414 2231 1481 2261 eqe-

1493 2029 1585 2055 Astrol

1494 2067 1511 2085 a
1522 2061 1623 2092 profess
1634 2037 1672 2085 oh

1494 2091 1630 2158 e'sst'ffl
1639 2098 1682 2146 1¹1.

1514 2152 1582 2184 cript
1583 2159 1639 2177 ure.

187 2273 203 2293 ⁸
214 2274 298 2305 nihil
307 2275 441 2305 alterius
449 2277 553 2305 vacat.
568 2274 645 2313 Rig.
656 2275 772 2312 quotes

127 2323 210 2355 Hor.
224 2323 271 2355 A.
284 2325 322 2355 P.
339 2334 416 2362 410:
438 2324 580 2355 Alterius
593 2324 640 2354 sic
658 2324 772 2354 Altera

124 2374 231 2414 poscit
243 2383 330 2414 opem
343 2384 394 2406 res
407 2378 436 2406 et
449 2375 594 2413 conjurat
608 2375 717 2404 amice.

189 2421 204 2440 ⁹
223 2422 342 2459 insule,
355 2422 472 2452 houses
492 2422 525 2451 in
538 2431 558 2451 a
571 2425 670 2459 town,
686 2422 773 2452 insu-

129 2471 219 2503 lated
232 2472 316 2502 from
331 2472 424 2502 other
441 2472 615 2512 buildings,
630 2471 773 2502 contain-

124 2522 188 2562 ing
212 2522 316 2552 under
343 2531 404 2552 one
430 2522 506 2553 roof
531 2522 657 2552 various
683 2526 773 2553 tene-

127 2575 247 2603 ments.

163 2619 191 2639 ¹⁰
200 2620 411 2660 frequentior
423 2623 480 2650 est.
518 2620 638 2650 Thus·
630 2630 665 2650 m
687 2620 770 2651 Cod.

127 2669 196 2710 Ag.
213 2670 278 2700 and
294 2669 423 2710 Gangn.
466 2670 620 2700 Gelenius
633 2671 697 2700 and
711 2670 773 2700 Pa-

128 2719 440 2761 meliusssufficiant..
446 2719 693 2760 frequentiores.
703 2720 774 2751 The

839 2273 950 2310 rimus,
975 2271 1021 2301 ‘if
1041 2281 1090 2302 we
1111 2271 1194 2301 shall
1215 2271 1294 2301 have
1311 2271 1481 2310 neglected

839 2326 874 2353 to
895 2325 949 2352 act
971 2331 1059 2361 upon
1080 2321 1286 2361 precautions
1305 2330 1340 2350 so
1357 2321 1482 2361 usually

839 2372 1001 2411 adopted:
1029 2371 1100 2402 The
1114 2380 1185 2401 case
1200 2371 1236 2400 of
1247 2371 1357 2409 things
1370 2379 1483 2400 manu-

839 2422 986 2453 faetured
997 2423 1038 2462 by
1051 2422 1230 2452 Christiana
1243 2421 1341 2459 being
1352 2420 1483 2460 applied

840 2476 875 2503 to
890 2473 1066 2503 idolatrous
1088 2481 1161 2502 uses
1175 2481 1241 2501 was
1256 2480 1330 2501 now
1344 2480 1379 2500 so
1393 2480 1482 2500 com-

840 2532 927 2560 mon,
941 2523 1011 2553 that
1025 2522 1051 2552 it
1069 2522 1132 2552 had
1154 2522 1249 2561 given
1268 2522 1330 2551 rise
1350 2525 1384 2551 to
1407 2530 1481 2560 pre-

839 2573 986 2602 cautious
1007 2572 1132 2611 usually
1152 2571 1293 2610 adopted
1314 2572 1356 2610 by
1371 2571 1481 2601 Chris-

841 2623 925 2652 tians
939 2626 974 2652 to
988 2625 1124 2661 prevent
1137 2621 1216 2651 such
1233 2621 1483 2660 misappropria-

841 2672 923 2703 tion.
964 2671 1039 2711 Rig.
1054 2671 1137 2701 from
1153 2671 1288 2710 conject.
1305 2670 1397 2701 reads
1410 2670 1483 2708 jam

840 2721 893 2751 for
906 2725 979 2754 tam.
