1812 2956
344 190 399 237 80
702 203 1110 241 TERTULLIANI
1147 200 1329 243 menn

130 339 229 371 CAP.
246 340 311 372 x1.
340 334 389 373 et
412 334 569 374 cetera
598 332 942 388 peregrinitatis
973 333 1244 377 sacrificium
1273 331 1502 381 idolorum
1529 339 1671 382 etiam

119 396 316 405 ᾖ
338 406 597 450 hominibus
621 408 681 451 ad
704 409 942 465 pigmenta
964 410 1288 463 medicinalia⁸‚
1306 414 1439 457 nobis
1463 417 1672 470 quoque⁹

336 484 522 540 insuper
545 485 606 527 ad
630 485 793 529 solatia
815 486 1063 542 sepulturae
1086 488 1188 531 usui
1211 493 1329 533 sunt.
1401 491 1540 535 Certe
1564 507 1670 536 cum

335 577 530 619 pompae,
553 578 659 607 cum
682 565 952 615 sacerdotia,
978 580 1084 609 cum
1110 567 1330 611 sacrificia
1352 567 1582 612 idolorum
1610 570 1670 614 de

334 639 562 695 periculis,
587 640 646 683 de
670 641 860 692 damnis,
880 641 940 685 de
963 642 1277 695 incommodis,
1296 645 1356 688 de
1380 646 1671 702 cogitationi-

335 717 433 770 bus,
472 717 531 760 de
569 717 848 761 discursibus
879 719 1326 775 negotiationibusve
1366 722 1669 776 instruuntur,

336 795 447 849 quid
464 795 590 838 aliud
614 810 751 850 quam
771 800 1044 852 procurator
1062 797 1289 840 idolorum
1311 799 1671 844 demonstraris?

333 871 488 915 Nemo
513 873 766 916 contendat
788 888 922 929 posse
945 874 1035 918 hoc
1063 875 1203 918 modo
1227 877 1439 920 omnibus
1463 878 1672 934 negotia-

333 949 537 992 tionibus
561 951 920 993 controversiam
942 951 1054 994 fieri.
1109 952 1332 996 Graviora
1356 954 1527 998 delicta
1549 969 1670 1010 quae-

335 1041 423 1081 que
447 1041 531 1082 pro
554 1026 872 1082 magnitudine
890 1027 1081 1083 periculi
1100 1028 1388 1084 diligentiam
1409 1032 1670 1076 extendunt

334 1103 678 1154 observationis,
716 1107 770 1146 ut
808 1118 901 1146 non
936 1105 994 1147 ab
1029 1104 1098 1148 his
1132 1108 1315 1148 tantum
1351 1107 1666 1160 abscedamus,

334 1179 417 1222 sed
441 1183 489 1223 et
512 1181 570 1223 ab
601 1181 655 1223 iis
684 1195 767 1236 per
794 1195 895 1235 quae
922 1182 1089 1225 fiunt10.
1159 1182 1296 1225 Licet
1326 1183 1448 1226 enim
1477 1185 1536 1228 ab
1568 1185 1669 1229 aliis

332 1257 425 1306 fiat,
454 1271 547 1300 non
574 1257 780 1307 interest,
814 1257 853 1300 si
883 1272 966 1314 per
993 1273 1080 1301 me.
1145 1259 1201 1301 In
1231 1259 1356 1303 nullo
1385 1262 1668 1306 necessarius

333 1348 433 1376 esse
458 1333 607 1376 debeo
631 1333 720 1383 alii,
746 1348 852 1377 cum
874 1334 988 1378 facit
1012 1335 1138 1390 quod
1161 1335 1272 1378 mihi
1294 1351 1388 1380 non
1410 1337 1533 1382 licet.
1593 1339 1669 1382 Ex

331 1410 434 1461 hoc,
467 1411 593 1465 quod
615 1415 747 1454 vetor
768 1411 935 1462 facere,
960 1412 1220 1469 intelligere
1242 1414 1392 1458 debeo
1415 1416 1668 1460 curandum

331 1487 443 1529 mihi
467 1502 580 1538 esse,
606 1503 663 1531 ne
687 1489 766 1531 fiat
789 1504 872 1545 per
895 1503 981 1532 me.
1051 1490 1306 1545 Denique¹¹
1335 1492 1383 1533 in
1412 1493 1500 1535 alia
1529 1508 1668 1538 causa

331 1579 424 1607 non
446 1564 629 1608 levioris
646 1569 802 1608 reatus
819 1565 1135 1621 praejudicium
1152 1567 1278 1610 istud
1300 1569 1506 1631 observo.
1542 1571 1667 1614 Nam

332 1641 457 1694 quod
485 1641 598 1683 mihi
628 1641 687 1684 de
717 1645 878 1697 stupro
905 1642 1205 1686 interdictum
1240 1644 1312 1696 sit,
1340 1645 1440 1689 aliis
1473 1646 1535 1689 ad
1563 1661 1667 1690 eam

390 1757 404 1775 Β
416 1758 579 1797 piqmenta
608 1758 818 1790 medicinalia.
863 1760 966 1790 ‘Nam

330 1810 364 1837 et
390 1808 555 1847 pigmenta
580 1812 655 1838 sunt
688 1809 758 1838 usui
792 1810 965 1841 medicinae.

1033 1764 1083 1791 ent
1113 1760 1219 1792 Sabaei
1243 1763 1351 1801 pluris
1373 1767 1403 1794 et
1428 1765 1566 1796 carioris
1590 1775 1667 1798 tuas

1032 1820 1145 1841 merces
1162 1811 1353 1843 Christianis
1362 1815 1546 1853 sepeliendis
1551 1817 1668 1856 profli-

330 1857 424 1887 Unde
444 1860 477 1887 et
497 1858 701 1897 pigmentarii
720 1859 796 1889 dicti
818 1860 966 1898 pharma-

331 1907 461 1945 copolae.
497 1908 564 1937 Jul.
576 1908 703 1938 Firmic.
720 1909 800 1939 Mat.
818 1918 892 1939 vul.
908 1918 964 1949 17:

334 1956 517 1996 Quicunque
532 1958 589 1987 sub
609 1959 666 1988 hoc
683 1959 786 1989 sidere
806 1961 875 1989 nati
887 1960 966 1999 fue-

330 2006 405 2043 rint,
419 2007 530 2037 Marsi
543 2011 643 2045 erunt,
657 2009 706 2038 vel
718 2010 773 2048 qui
787 2011 908 2040 venenis
927 2020 965 2040 ex

332 2056 498 2085 herbarum
514 2057 685 2096 piqmentis
706 2059 854 2098 confectis
876 2060 964 2090 salu-

331 2106 421 2135 taria
433 2107 531 2137 solent
544 2108 717 2137 hominibus
730 2109 866 2139 remedia
885 2119 966 2140 com-

326 2165 460 2194 parare.
483 2156 654 2194 Pigmenta
665 2158 760 2187 etiam
773 2159 882 2189 dixere
892 2169 966 2189 con-

332 2206 481 2236 dimenta.
530 2207 671 2238 Cassian.
700 2208 819 2238 Collat.
843 2218 902 2239 xv.
926 2220 966 2248 3²

333 2255 480 2294 Corpora
499 2260 690 2286 mortuorum
706 2258 874 2297 piqmentis
892 2268 965 2289 con-

331 2305 400 2335 dita
419 2305 627 2336 redolentibus
647 2307 680 2336 in
700 2307 883 2337 editioribus
903 2309 963 2339 cel-

331 2354 406 2384 lulis
422 2355 639 2386 recondantur.
682 2356 733 2386 Sic
751 2356 846 2386 etiam
860 2357 964 2387 Exodi

331 2414 401 2443 cap.
418 2413 453 2443 37
470 2406 529 2434 sub
542 2405 647 2443 finem,
663 2415 740 2445 opus
757 2407 965 2446 piqmentarii

331 2454 447 2484 dicitur
460 2456 546 2493 quod
561 2456 772 2495 Septuaginta
785 2456 885 2495 ἔργον
904 2469 965 2494 μυ-

329 2504 462 2542 ρεψοῦ.’
503 2505 585 2536 Rm.

388 2554 402 2573 9
421 2554 510 2583 nobis
523 2564 652 2594 quoque.
693 2555 836 2586 Because
854 2557 963 2587 Chris-

329 2602 412 2631 tians
430 2604 552 2640 buried,
565 2605 628 2634 and
646 2605 699 2634 did
714 2609 771 2635 not
786 2607 867 2635 burn
882 2607 965 2636 their

329 2651 420 2682 dead.
452 2652 554 2691 Apol.
565 2662 592 2683 c.
601 2662 654 2690 42:
674 2655 783 2685 Thura
791 2656 890 2694 plane
903 2666 964 2686 non

329 2701 463 2733 emimus.
504 2702 542 2733 Si
557 2702 692 2734 Arabioe
706 2708 888 2745 queruntur,
901 2706 964 2738 sci-

1030 1861 1115 1899 9ari,
1142 1871 1235 1900 quam
1264 1862 1328 1893 diis
1350 1864 1567 1903 ficmiqandis.
1614 1866 1667 1898 De

1034 1910 1151 1941 Coron.
1168 1921 1194 1941 c.
1211 1922 1261 1942 11:
1281 1912 1329 1943 Et
1347 1914 1535 1944 cremabitur
1548 1924 1588 1944 ex
1601 1915 1667 1945 die-

1033 1959 1152 1998 cz'plina
1183 1962 1335 1992 castrensi
1371 1962 1584 2000 Christianus,
1615 1965 1667 1996 eui

1033 2019 1171 2040 cremare
1184 2021 1244 2040 non
1258 2011 1339 2042 licet.
1380 2012 1440 2043 See
1453 2013 1571 2053 Bingh.
1587 2014 1664 2046 Chr.

1033 2059 1117 2089 Ant.
1131 2068 1240 2090 xxm.
1256 2070 1284 2098 2,
1293 2057 1328 2098 ’4.

1093 2109 1119 2128 ¹⁰
1143 2110 1305 2141 Graviora
1317 2121 1478 2151 quaeque...
1513 2114 1591 2144 ‘All
1609 2114 1666 2145 the

1031 2168 1119 2189 more
1140 2160 1260 2190 serious
1280 2161 1404 2199 crimes,
1426 2162 1458 2191 in
1477 2164 1665 2203 propat-tion

1031 2210 1066 2238 to
1084 2208 1139 2238 the
1159 2209 1364 2240 heinousness
1383 2211 1420 2240 of
1437 2212 1492 2242 the
1506 2212 1598 2250 fault,
1612 2213 1666 2244 de-

1030 2258 1127 2287 mand
1140 2267 1180 2287 an
1195 2259 1334 2289 increase
1348 2260 1385 2289 of
1400 2260 1529 2291 heedful
1542 2263 1664 2293 watch-

1030 2307 1096 2346 ing,
1106 2308 1176 2337 that
1188 2317 1236 2338 we
1250 2309 1373 2338 abstain
1383 2313 1440 2339 not
1450 2311 1570 2351 merely
1581 2313 1664 2344 from

1030 2357 1085 2387 the
1100 2357 1211 2387 crimes
1223 2359 1420 2396 themselves,
1430 2361 1488 2390 but
1501 2362 1568 2392 also
1581 2363 1664 2394 from

1030 2407 1122 2436 those
1145 2410 1213 2437 acts
1234 2408 1338 2438 which
1363 2410 1456 2440 make
1477 2411 1533 2442 the
1552 2413 1665 2444 crimes

1030 2456 1179 2495 possible.
1345 2487 1353 2491 -

1090 2505 1113 2524 ¹¹
1136 2506 1275 2546 denique.
1304 2509 1313 2524 ‘
1324 2508 1442 2550 Briefly
1458 2513 1492 2540 to
1507 2511 1664 2543 illustrate

1030 2555 1119 2587 this)
1151 2557 1162 2573 ‘
1172 2557 1211 2586 In
1226 2557 1339 2589 short.’
1377 2559 1436 2590 See
1446 2560 1496 2590 De
1507 2561 1582 2593 Cor.
1593 2571 1622 2592 e.
1635 2572 1663 2601 3,

1029 2614 1061 2635 n.
1077 2616 1106 2644 3.

1090 2655 1117 2674 ¹²
1136 2656 1173 2685 id
1196 2666 1292 2695 qenus
1318 2658 1447 2689 lucrum.
1489 2659 1569 2690 eod.
1593 2660 1660 2699 Ag.

1030 2706 1093 2736 and
1110 2706 1237 2746 Gangn.
1251 2707 1419 2747 (followed
1433 2710 1473 2749 by
1489 2708 1599 2750 Oehl.)
1616 2709 1664 2740 lo·
