1812 2956
507 199 593 236 DE
624 196 1060 237 SPEG'TAOULIS.
1433 189 1463 236 7

114 345 222 376 cum
243 330 396 388 ipsum
415 330 664 382 hominem,
690 345 806 388 opus
829 335 879 375 et
908 329 1159 387 imaginem
1183 329 1290 380 Dei,
1315 329 1460 373 totius
1499 341 1598 373 cAP.
1616 342 1663 373 11.

114 408 429 454 universitatis
460 423 787 466 possessorem,
823 407 902 451 illa
933 407 1000 451 vis
1031 407 1378 464 interpolatoris
1412 410 1463 451 et.
1480 424 1522 450 η
1535 424 1586 450 vm.
1600 424 1623 450 e.

115 485 397 531 aemulatoris
426 486 582 543 angeli
605 487 664 530 ab
688 486 822 530 initio
845 486 904 530 de
928 485 1202 542 integritate
1223 485 1462 542 dejecerit,

115 564 378 610 universam
415 565 723 610 substantiam
762 565 873 621 ejus,
915 564 1092 621 pariter
1129 579 1236 608 cum
1276 564 1377 621 ipso
1415 564 1465 607 in

117 643 473 699 perversitatem
507 643 834 686 demutatam¹³
870 642 1090 686 adversus
1127 637 1463 693 institutorem,

117 724 184 776 ut,
210 735 350 777 quam
375 720 630 764 doluerat¹⁴
650 720 826 764 homini
857 734 1139 771 concessam,
1168 734 1263 763 non
1292 719 1393 770 sibi,
1415 719 1464 762 in

117 813 176 844 ea
191 798 293 856 ipsa
311 802 362 843 et
375 798 612 843 hominem
626 814 759 843 reum
774 799 880 843 Deo
895 799 1089 849 faceret,
1105 801 1155 842 et
1172 812 1302 841 suam
1318 797 1466 841 domi-

116 876 357 920 nationem
379 876 644 921 collocaret.

219 955 326 999 Hae
358 954 664 999 conscientia¹
691 954 912 998 instructi
946 954 1167 999 adversus
1198 954 1465 1011 opinionem
1487 973 1512 1004 c
1518 972 1586 1004 Ap,
1601 972 1669 1002 111,

119 1032 414 1077 ethnicorum
449 1036 777 1077 convertamur
806 1032 957 1089 magis
991 1032 1053 1076 ad
1085 1035 1351 1076 nostrorum
1386 1031 1466 1075 de·
1485 1017 1641 1088 33&ssss

117 1112 385 1156 tractatus2.
459 1111 764 1163 Quorundam
789 1110 914 1155 enim
940 1111 1056 1155 fides
1090 1114 1174 1154 aut
1206 1109 1463 1167 simplicior
1483 1089 1687 1182 &3355ss

119 1193 204 1233 aut
233 1189 545 1247 scrupulosior
579 1190 640 1233 ad
663 1189 784 1233 hane
807 1189 1154 1233 abdicationem
1181 1188 1468 1246 spectaculo·
1483 1181 1688 1245 issrssssiffifflffi

118 1281 224 1310 rum
253 1267 314 1311 de
346 1267 596 1325 Scripturis
626 1268 986 1311 auctoritatem³
1013 1267 1227 1324 exposcit
1261 1270 1312 1310 et
1341 1281 1392 1311 se
1418 1267 1468 1310 in
1484 1243 1601 1301 3¹33?

120 1343 353 1388 incertum
389 1344 647 1396 constituit,
679 1344 807 1400 quod
836 1359 931 1388 non
966 1345 1284 1401 significanter
1314 1359 1468 1400 neque

122 1421 399 1466 nominatim
423 1422 727 1466 denuntietur
750 1422 892 1466 servis
925 1422 1018 1466 Dei
1048 1422 1332 1466 abstinentia
1352 1422 1470 1479 ejus-

121 1545 205 1577 ἔσω
219 1546 276 1577 the
289 1546 468 1587 beginning
481 1549 548 1577 cast
567 1547 663 1577 down
677 1547 761 1577 from

123 1595 175 1626 his
187 1595 295 1637 purity
304 1597 346 1636 by
355 1596 412 1627 the
425 1606 535 1636 power
548 1598 585 1627 of
592 1597 648 1627 the
659 1606 762 1636 oppo-

122 1645 197 1686 sing
211 1647 276 1677 and
297 1647 429 1677 envious
449 1647 556 1687 angel,
570 1647 642 1677 that
658 1646 763 1677 man's

121 1697 228 1728 whole
253 1698 425 1728 substance
451 1707 518 1728 was
539 1699 667 1738 equally
683 1698 763 1728 with

126 1747 260 1778 himself
277 1748 448 1788 perverted
466 1752 500 1779 to
523 1749 705 1788 opposition
726 1758 762 1778 a·

124 1796 234 1837 gainst
246 1797 296 1827 his
308 1797 443 1828 Maker:

186 1846 215 1866 ¹⁴
232 1856 328 1887 quam
348 1847 503 1885 doluerat,
530 1857 573 1879 sc.
596 1847 765 1888 imaqinem

127 1897 205 1929 Dei.
228 1898 262 1929 S.
278 1898 376 1939 prr.
389 1899 442 1929 De
456 1899 547 1936 Zelo,
562 1908 596 1938 p.
612 1903 669 1937 256
683 1898 766 1938 (Ed.

126 1949 286 1989 Bened.):
325 1950 390 1980 Ille
421 1950 568 1990 anqelica
605 1950 767 1988 majestate

125 1999 291 2037 subnixus,
304 2000 360 2030 ille
371 1999 444 2030 Deo
457 2004 604 2040 acceptus
623 2004 652 2031 et
665 2010 767 2038 verus,

121 2053 292 2091 postquam
306 2051 458 2082 hominem
468 2051 514 2081 ad
526 2052 692 2091 imaqinem
702 2051 768 2082 Dei

117 2099 247 2140 fizctmn
259 2101 429 2140 conspexit,
447 2101 481 2130 in
500 2101 600 2131 zelum
619 2101 768 2132 malivolo

127 2150 228 2182 livore
245 2151 408 2191 prorupit,
435 2161 497 2182 non
518 2153 614 2191 prius
635 2153 769 2182 alter-um

127 2201 276 2240 dejiciens
301 2202 449 2233 {minoen
476 2203 546 2240 zeli,
573 2213 669 2243 quam
702 2203 770 2243 ipse

127 2252 196 2284 telo
208 2256 282 2284 ante
288 2252 432 2291 deiectus,
446 2254 590 2293 captivus
603 2257 770 2293 antequam

129 2307 251 2344 captus,
267 2304 414 2344 perditus
435 2308 602 2345 antequam
623 2305 770 2345 perdens,

129 2354 214 2392 dum,
229 2355 408 2386 stimulante
427 2356 535 2393 livore,
556 2356 674 2386 homini
693 2365 770 2396 qra-

129 2405 209 2435 tiam
221 2405 307 2435 datoe
319 2405 568 2436 immortalitatis
585 2406 689 2445 eripit,
705 2407 772 2445 ipse

130 2464 252 2495 quoque
264 2455 310 2491 id,
321 2456 407 2495 quod
413 2457 638 2495 prius-fixerat,
653 2456 770 2487 amisit.

193 2505 253 2536 ch.
272 2506 335 2536 111.
360 2505 368 2524 ¹
384 2505 461 2537 Hac
473 2507 674 2542 conscientia,
688 2508 696 2523 ‘
706 2507 773 2536 fur-

131 2555 243 2586 nished
250 2556 328 2586 with
337 2556 400 2586 this
409 2556 557 2587 intimate
562 2557 774 2596 knowledge:

131 2606 291 2645 referring
304 2609 339 2636 to
355 2606 431 2636 Nos
445 2607 544 2646 iqitur
557 2607 614 2647 qui
634 2607 772 2637 Domino

132 2656 267 2695 coquito.
311 2655 510 2687 Conscientia
528 2657 555 2686 is
575 2657 718 2697 opposed
738 2659 774 2687 to

132 2705 306 2746 opiniones.
347 2706 461 2746 Comp.
493 2707 636 2747 Apolog.
670 2716 699 2738 c.
734 2717 748 2736 1
764 2716 773 2737 :

838 1547 925 1578 Tunc
938 1547 1018 1578 enim
1035 1550 1171 1578 meretur
1191 1557 1259 1578 cum
1280 1547 1478 1588 coquos-citur

833 1607 876 1627 an
889 1601 1055 1628 mereatur.
1104 1598 1245 1628 Vacante
1258 1601 1360 1628 autem
1373 1597 1478 1628 meriti

832 1648 958 1686 notitia,
971 1648 1052 1679 unde
1066 1648 1134 1683 adii
1141 1648 1275 1686 justitia
1289 1648 1478 1687 defenditur,

833 1707 900 1738 quae
913 1708 975 1728 non
993 1698 1031 1728 de
1045 1702 1151 1729 eventu
1165 1698 1222 1729 sed
1234 1698 1272 1728 de
1290 1698 1480 1729 conscientia

829 1749 1004 1789 probanda
1017 1753 1062 1780 est
1073 1749 1089 1779 ,Ρ
1113 1749 1313 1780 Conscientia
1326 1749 1353 1779 is
1369 1751 1378 1765 ‘
1386 1758 1406 1779 a
1418 1749 1479 1778 full

834 1801 897 1830 and
907 1800 1027 1830 certain
1034 1800 1247 1839 knowledge,'
1259 1801 1267 1817 ‘
1274 1799 1480 1830 aconvietion

834 1850 956 1889 arising
969 1854 1027 1880 not
1039 1851 1122 1880 from
1141 1847 1289 1880 out'ward
1302 1850 1408 1889 proof,
1421 1850 1481 1880 but

834 1900 918 1930 from
932 1900 1055 1930 inward
1068 1900 1261 1931 assurnnce.'

896 1949 911 1968 Β
936 1949 1141 1987 detractatae,
1175 1953 1234 1980 not
1263 1950 1364 1980 found
1398 1950 1482 1980 else-

837 2000 955 2030 where.
999 2000 1075 2039 Rig.
1089 2001 1172 2030 from
1194 2001 1304 2032 Ursin.
1317 2001 1411 2031 reads
1430 2010 1483 2031 re-

838 2053 1008 2088 tractatus,
1035 2059 1069 2080 as
1098 2051 1214 2089 below,
1245 2061 1274 2082 c.
1304 2061 1351 2081 11.
1425 2051 1483 2082 Ad

839 2101 938 2132 Uxor.
962 2109 1001 2131 11.
1025 2110 1055 2132 c.
1078 2111 1106 2139 2,
1128 2101 1307 2132 detractam
1328 2105 1357 2132 et
1374 2105 1484 2132 exerta

839 2151 991 2181 sententia
1017 2154 1072 2188 est,
1100 2151 1206 2181 where
1231 2152 1379 2182 however
1402 2152 1483 2183 Cod.

841 2201 907 2241 Ag.
922 2201 980 2231 has
1001 2202 1160 2232 districta.
1202 2202 1290 2232 Most
1313 2202 1406 2232 think
1428 2202 1483 2232 de-

840 2255 999 2282 tractatus
1019 2252 1095 2282 here
1123 2255 1159 2282 to
1182 2252 1223 2282 be
1243 2255 1303 2291 put
1322 2253 1375 2282 for
1396 2255 1483 2283 trac-

841 2306 936 2333 tatus.
966 2303 1087 2333 Oehler
1101 2303 1244 2342 explains
1263 2303 1289 2333 it
1303 2303 1345 2343 by
1358 2303 1484 2334 detrac-

841 2353 986 2392 tationes,
1014 2353 1297 2392 teryivercationes,
1320 2362 1356 2383 as
1383 2354 1485 2384 refer-

841 2404 916 2443 ring
935 2406 970 2434 to
990 2404 1111 2433 certain
1138 2403 1317 2433 Christians
1340 2404 1487 2444 drawing

841 2453 923 2483 back
937 2454 1021 2483 from
1037 2453 1121 2482 their
1131 2453 1223 2482 strict
1237 2453 1319 2484 rnle.

899 2503 914 2522 ⁸
935 2503 972 2533 de
988 2503 1166 2542 Scripturis
1179 2503 1408 2534 auctoritatem.
1452 2503 1484 2535 S.

845 2555 942 2594 Cypr.
970 2554 1022 2584 De
1050 2554 1196 2593 Spectac.
1230 2563 1263 2593 p.
1299 2564 1376 2593 339:
1423 2554 1488 2585 Ubi

843 2605 966 2643 scripta
992 2606 1064 2634 eunt
1091 2603 1183 2634 ista?
1216 2604 1272 2634 ubi
1291 2604 1487 2644 prohibita?

845 2655 906 2686 See
920 2654 1036 2692 below,
1051 2663 1078 2685 c.
1095 2663 1144 2694 23,
1160 2654 1223 2684 and
1237 2654 1289 2685 De
1304 2655 1380 2686 Cor.
1392 2665 1420 2686 c.
1437 2666 1466 2689 2.
