1812 2956
378 230 432 270 50
739 229 1141 269 TERTULLIANI
1171 230 1346 267 LIBER

374 366 596 413 nostrum,
637 377 775 417 quam
815 360 942 416 quod
978 364 1028 404 et
1059 360 1268 417 apostoli,
1296 360 1424 404 exire
1451 360 1511 405 de
1539 360 1709 405 saeculo

375 444 424 484 et
463 439 607 495 recipi
643 439 768 496 apud
803 438 1057 482 Dominum
1071 437 1096 481 P
1164 436 1257 481 Hic
1291 437 1513 493 voluptas,
1543 437 1624 480 ubi
1659 441 1710 481 et

208 378 310 409 CAP.

166 416 344 448 XXVIII.

154 498 224 524 Phil.
237 498 253 524 i.
266 498 305 525 23.
372 521 533 560 votum

209 611 305 642 cAp,
474 593 506 636 J
507 608 581 636 am
604 607 726 636 nunc
759 593 797 636 si
824 595 960 649 putas
995 591 1347 636 delectamentis
1383 590 1574 648 exigere
1607 605 1708 648 spa·
1756 623 1761 629 .

152 650 339 735 Νῇξνὶῗξῃ
373 670 491 713 tium
514 670 616 720 hoc,
642 685 725 713 cur
739 673 836 713 tam
853 662 1062 726 ingratus
1086 683 1148 720 es,
1173 673 1227 711 ut
1249 672 1323 712 tot
1347 671 1397 712 et
1419 668 1535 712 tales
1552 668 1708 726 volup-

153 736 302 792 iffievffifld
316 743 355 762 ΨΘ
374 749 495 790 tates
520 761 548 789 a
565 747 672 790 Deo
697 746 987 789 contributos
1010 745 1097 788 tibi
1120 745 1231 788 satis
1254 759 1347 788 non
1360 744 1532 788 habeas
1555 758 1708 799 neque

152 798 298 853 3333&
372 838 678 880 recognoscas
693 823 716 865 ?
805 822 930 874 Quid
967 822 1091 865 enim
1119 821 1383 879 jucundius,
1431 835 1570 876 quam
1614 821 1709 865 Dei

152 859 244 884 shows.

153 921 320 950 Rom.v.1o.
369 903 514 958 patris
539 905 588 945 et
612 901 787 944 domini
821 899 1152 950 reconciliatio,
1179 914 1318 954 quam
1340 898 1549 942 veritatis
1577 912 1707 942 reve-

367 978 494 1028 latio,
534 993 672 1032 quam
719 991 929 1021 errorum
974 976 1245 1032 recognitio,
1295 990 1433 1030 quam
1468 978 1706 1019 tantorum

368 1057 515 1099 retrol
541 1055 783 1099 criminum
805 1054 975 1098 venia?
1013 1055 1128 1105 Quae
1151 1054 1297 1110 major
1318 1053 1542 1110 voluptas,
1567 1067 1705 1108 quam

367 1132 606 1175 fastidium
632 1132 773 1188 ipsius
796 1130 1058 1187 voluptatis,
1084 1144 1222 1185 quam
1252 1129 1408 1173 saeculi
1430 1129 1575 1172 totius
1598 1143 1705 1173 con-

366 1212 585 1265 temptus,
612 1223 749 1263 quam
771 1223 880 1251 vera
902 1207 1105 1257 libertas,
1122 1221 1260 1261 quam
1283 1205 1567 1250 conscientia
1588 1206 1705 1250 inte·
1763 1250 1764 1253 ,

365 1300 462 1341 gra,
484 1300 622 1340 quam
636 1285 731 1328 vita
754 1284 996 1334 sufficiens,
1023 1298 1161 1339 quam
1183 1283 1346 1326 mortis
1359 1282 1500 1326 timor
1513 1282 1664 1326 nullus
1679 1283 1702 1327 ?

368 1363 508 1414 Quod
523 1363 672 1406 calcas
696 1362 808 1406 deos
824 1362 1075 1411 nationum,
1093 1361 1219 1416 quod
1231 1360 1459 1404 daemonia
1474 1359 1664 1417 expellis
1671 1362 1700 1412 ²,

366 1440 492 1494 quod
514 1440 765 1483 medicinas
778 1438 905 1489 facis,
926 1438 1052 1493 quod
1074 1437 1378 1481 revelationes
1395 1437 1550 1494 petis³,
1577 1438 1703 1493 quod

363 1516 470 1560 Deo
494 1517 617 1567 vivis,
643 1516 715 1559 hae
739 1515 1012 1572 voluptates,
1037 1515 1137 1558 haec
1161 1503 1701 1571 spectacula'Christian-

363 1609 495 1638 orum
532 1598 703 1644 sancta,
725 1596 976 1650 perpetua,
1012 1593 1229 1648 gratuita.
1299 1592 1356 1634 In
1389 1591 1460 1634 his
1493 1592 1580 1635 tibi
1605 1592 1700 1636 Cir-

364 1685 523 1714 censes
558 1670 714 1714 ludos⁴
749 1670 1070 1726 interpretare,
1108 1683 1267 1712 cursus
1307 1668 1463 1712 saeculi
1501 1668 1698 1722 intuere,

361 1750 574 1802 tempora
606 1746 822 1796 labentia,
849 1746 998 1801 spatia
1022 1745 1274 1795 dinumera,
1306 1748 1455 1789 metas
1490 1760 1699 1790 consum-

360 1823 576 1867 mationis
614 1826 822 1879 expecta,
865 1823 1112 1865 societates
1150 1822 1447 1866 ecclesiarum
1483 1822 1696 1874 defende,

361 1899 422 1942 ad
445 1900 627 1956 signum
650 1899 744 1942 Dei
767 1898 1003 1949 suscitare,
1029 1898 1090 1941 ad
1112 1898 1275 1941 tubam
1312 1898 1466 1955 angeli
1503 1900 1696 1956 erigere,

360 1979 422 2021 ad
445 1978 655 2034 martyrii
677 1977 851 2034 palmas
878 1976 1089 2033 gloriare.
1162 1976 1210 2020 Si
1244 1977 1438 2021 scenicae
1473 1977 1696 2022 doctrinae

146 1534 223 1559 Rom.
237 1535 268 1560 vi.
285 1535 323 1561 10.

143 1908 157 1932 1
170 1906 229 1931 Cor.
242 1913 282 1932 xv.
296 1906 333 1932 52.

422 2127 483 2157 Ch.
513 2126 647 2156 XXIX.
689 2125 699 2144 ²
721 2129 814 2162 retro,
843 2125 892 2155 ‘in
919 2126 997 2156 time

360 2177 456 2216 past:
476 2177 617 2215 Apolog.
633 2185 659 2205 c.
673 2185 699 2212 1,
714 2176 861 2205 neminem
870 2176 999 2214 poenitet

360 2227 424 2256 nisi
431 2226 530 2265 plane
552 2228 636 2254 retro
658 2234 720 2254 non
731 2225 849 2263 fiisse.
871 2225 953 2254 Ibid.
970 2234 996 2254 c.

362 2286 390 2314 3,
417 2284 494 2314 quos
520 2278 604 2305 retro
635 2277 794 2310 noverant,
821 2274 884 2303 and
911 2277 995 2303 retro

356 2325 494 2363 patiens.
511 2324 595 2354 Ibid.
606 2333 633 2353 c.
648 2333 694 2361 19,
705 2323 898 2354 retrosiores.
913 2323 994 2353 [dol.

361 2383 388 2405 c.
404 2384 432 2412 3,
446 2374 644 2413 aliquamdiu
657 2377 752 2403 retro.

420 2424 434 2442 ²
454 2424 608 2454 doemom'a
621 2424 760 2462 empellz's.
786 2422 885 2461 Apol.
899 2432 926 2453 c.
941 2432 996 2460 23:

361 2473 492 2503 Edatur
510 2474 562 2503 hic
576 2473 694 2512 aliquis
714 2473 770 2502 sub
786 2472 996 2503 tribunalibus

361 2523 481 2560 vestris,
507 2532 595 2562 quem
624 2523 758 2553 daemone
787 2523 844 2561 aqi
868 2524 992 2552 constet.

360 2572 477 2602 Jussus
501 2583 523 2602 a
543 2573 679 2612 quolibet
703 2572 885 2603 Christiano
908 2572 996 2611 loqui

360 2623 493 2660 spiritus
505 2623 558 2652 ille
571 2626 635 2652 tam
647 2632 680 2652 se
693 2622 858 2652 daemonem
871 2623 995 2660 confite-

361 2671 446 2700 bitur
469 2671 506 2700 de
527 2680 608 2708 vero,
628 2681 722 2710 quam
745 2671 825 2701 alibi
848 2671 936 2701 deum
957 2670 995 2700 de

352 2720 457 2759 falso.
498 2720 568 2750 The
601 2729 711 2759 power
743 2729 818 2750 over
851 2720 993 2756 demons,

1061 2126 1212 2165 together
1237 2126 1317 2157 with
1345 2127 1583 2167 extraordinary
1597 2136 1694 2159 *reve-

1060 2176 1187 2214 lations,
1209 2177 1237 2206 is
1262 2177 1446 2208 mentioned
1468 2179 1510 2218 by
1531 2179 1695 2209 Arnobius

1061 2235 1096 2255 as
1110 2235 1255 2256 common
1264 2229 1298 2256 to
1307 2227 1351 2256 all
1362 2227 1548 2258 christiana.
1570 2228 1692 2261 Arnob.

1061 2283 1085 2304 1.
1103 2284 1136 2313 p.
1160 2283 1211 2314 27:
1231 2276 1287 2315 qui
1314 2275 1494 2316 [Christus]
1508 2277 1695 2315 justissima

1059 2324 1139 2354 viris
1152 2325 1326 2355 etiamnunc
1337 2326 1508 2364 impollutis
1515 2337 1555 2358 ac
1563 2327 1694 2368 diliqen-

1059 2373 1141 2403 tibus
1163 2383 1236 2411 sese,
1257 2384 1318 2404 uon
1338 2385 1402 2414 per
1426 2385 1510 2406 vana
1530 2378 1694 2417 immuta,

1059 2422 1116 2452 sed
1130 2432 1192 2461 per
1205 2433 1300 2462 purae
1319 2426 1450 2463 speciem
1469 2427 1692 2467 simplicitatis,

1059 2475 1193 2510 apparet
1201 2483 1213 2509 ,-
1228 2473 1316 2510 cujus
1325 2484 1432 2505 nomen
1444 2475 1586 2506 auditum
1588 2477 1692 2517 fitque

1057 2522 1168 2552 noxios
1180 2523 1321 2561 spiritus.

1118 2570 1131 2589 ³
1150 2573 1353 2604 revelationes
1360 2575 1454 2612 petis.
1476 2575 1546 2605 The
1556 2576 1690 2608 allusion

1058 2623 1093 2651 to
1113 2622 1298 2652 revelation-s·
1316 2624 1380 2652 and
1398 2624 1454 2654 the
1474 2634 1540 2654 new
1557 2625 1691 2656 Jerusa-

1059 2671 1116 2700 lem
1137 2670 1194 2700 has
1215 2671 1296 2701 been
1317 2672 1456 2711 thought
1475 2676 1510 2703 to
1528 2683 1643 2705 savour
1655 2675 1693 2705 of

1059 2720 1264 2752 Montanism.
1307 2721 1425 2761 Kaye’s
1446 2722 1571 2756 Tertul.
1589 2733 1622 2763 p.
1636 2731 1689 2763 55.
