1812 2956
383 212 410 255 4
745 217 1148 255 TERTULLIANI
1178 218 1351 254 LIBER

184 363 284 395 CAP.
305 362 351 393 11.
383 351 433 392 et
456 347 653 404 sapienti
675 347 782 390 vitae
801 347 968 403 gratia,
987 347 1075 390 nisi
1097 347 1342 403 voluptas⁴.
1378 347 1532 391 Nemo
1554 350 1711 404 negat,

381 424 488 479 quia
532 438 670 467 nemo
710 424 896 480 ignorat
940 424 1064 479 quod
1109 423 1233 467 ultro
1277 426 1442 467 natura
1488 424 1711 480 suggerit,

378 502 534 545 Deum
572 516 672 544 esse
712 500 1023 544 universitatis
1054 500 1356 551 conditorem,
1389 515 1583 556 eamque
1613 500 1712 544 uni-

377 578 646 621 versitatem
680 580 778 620 tam
803 577 988 629 bonam,
1015 592 1152 632 quam
1181 576 1355 620 homini
1388 577 1710 634 mancipatam.

380 654 473 698 Sed
502 654 608 710 quia
639 669 733 697 non
756 654 941 710 penitus
973 654 1129 698 Deum
1163 655 1371 707 norunt⁵,
1402 654 1490 698 nisi
1515 653 1713 698 naturali

367 732 474 788 jure
512 747 606 775 non
653 732 795 775 etiam
839 731 1069 783 familiari,
1117 731 1176 775 de
1221 730 1476 787 longinquo
1514 745 1608 774 non
1651 731 1711 775 de

375 809 604 865 proximo,
628 823 818 853 necesse
843 812 915 852 est
938 808 1169 865 ignorent,
1191 807 1388 863 qualiter
1401 807 1712 851 administrari

376 889 458 928 aut
472 886 639 941 jubeat
657 889 738 928 aut
754 885 998 941 prohibeat
1020 899 1122 939 quae
1145 884 1363 937 instituit,
1380 884 1515 928 simul
1529 884 1630 940 quis
1650 884 1712 928 sit

377 961 591 1005 aemulus⁶
635 975 695 1005 ex
747 960 928 1004 diverso
976 960 1292 1004 adulterandis
1342 960 1501 1004 usibus
1544 959 1710 1004 divinae

377 1038 669 1089 conditionis,
710 1037 816 1092 quia
851 1051 1002 1091 neque
1037 1037 1325 1080 voluntatem
1362 1051 1514 1092 neque
1550 1037 1710 1080 adver-

376 1115 547 1159 sarium
589 1114 773 1157 noveris
816 1114 926 1170 ejus,
970 1128 1107 1168 quem
1147 1113 1298 1156 minus
1335 1113 1528 1157 noveris.
1598 1113 1709 1157 Non

376 1207 488 1248 ergo
510 1192 598 1235 hoe
623 1191 771 1235 solum
793 1190 1135 1246 respiciendum
1161 1194 1245 1240 est,
1267 1205 1296 1233 a
1319 1205 1410 1245 quo
1434 1190 1588 1234 omnia
1613 1189 1706 1234 sint

375 1269 605 1320 instituta,
632 1268 714 1311 sed
739 1282 766 1310 a
791 1282 881 1322 quo
905 1280 1138 1310 conversa.
1209 1267 1285 1309 Ita
1309 1267 1432 1310 enim
1455 1267 1708 1323 apparebit,

376 1346 505 1401 eujus
528 1345 572 1389 vi
597 1345 688 1388 sint
717 1344 944 1394 instituta,
970 1344 1008 1387 si
1043 1346 1280 1400 appareat,
1305 1343 1436 1400 eujus
1463 1358 1556 1387 non
1579 1341 1707 1388 sint⁷.

373 1423 576 1466 Multum
598 1423 794 1466 interest
814 1422 937 1465 inter
961 1421 1274 1477 corruptelam
1300 1424 1350 1464 et
1374 1421 1706 1477 integritatem,
1738 1433 1740 1435 ·

375 1500 482 1555 quia
518 1499 715 1542 multum
755 1502 827 1542 est
864 1498 988 1541 inter
1022 1498 1337 1541 institutorem
1376 1500 1425 1540 et
1460 1497 1707 1554 interpola-

373 1580 538 1619 torem.
626 1576 847 1618 Ceterum
894 1588 1054 1617 omnes
1099 1574 1275 1629 speeies
1320 1573 1558 1626 malorum,
1604 1588 1706 1628 quae

375 1652 518 1695 etiam
555 1651 729 1694 ethnici
752 1654 806 1693 ut
828 1650 1091 1692 indubitata
1113 1654 1162 1693 et
1184 1649 1431 1705 prohibent
1465 1652 1515 1692 et
1546 1649 1708 1694 defen-

1074 1759 1170 1797 sinus,
1187 1759 1250 1789 and
1266 1758 1359 1789 Oehl.
1374 1767 1443 1798 quae
1457 1759 1504 1789 vie
1519 1759 1561 1789 sit
1570 1760 1681 1791 aemula
1690 1769 1706 1797 ,·

1073 1809 1148 1847 Rig.
1175 1819 1241 1848 quae
1272 1809 1320 1838 vis
1349 1809 1472 1839 oemula.
1516 1809 1633 1848 Comp.
1653 1810 1706 1841 De

431 1762 447 1780 ⁴
466 1771 539 1791 nam
565 1763 730 1791 mortem...
758 1759 882 1790 ‘Death
903 1759 929 1788 is
949 1761 1004 1789 too

373 1812 542 1842 inevitable
556 1812 606 1840 for
622 1819 698 1840 even
720 1810 774 1839 the
798 1810 863 1839 fool
884 1812 918 1839 to
938 1809 1006 1839 fear

373 1861 574 1900 excessively,
600 1860 745 1899 pleasure
772 1863 827 1889 too
849 1858 1005 1897 powerful

371 1912 423 1940 for
441 1920 517 1941 even
532 1911 586 1940 the
601 1910 676 1939 wise
698 1913 731 1939 to
753 1908 935 1947 disregard3
955 1909 1005 1937 for

371 1960 398 1990 it
411 1961 437 1989 is
456 1961 602 1999 pleasure
620 1960 690 1989 that
704 1959 811 1988 makes
831 1958 887 1987 life
907 1960 1006 1987 sweet

370 2010 517 2039 whether
545 2012 579 2039 to
606 2009 661 2039 the
688 2009 764 2038 wise
793 2017 868 2037 man
889 2016 926 2036 or
949 2007 1004 2036 the

368 2059 458 2090 fooL'
500 2059 594 2089 Oehl.
609 2059 690 2088 from
713 2057 893 2097 conjecture
912 2057 1004 2086 reads

371 2108 479 2138 datam
492 2108 543 2137 for
557 2110 687 2138 tantam.

429 2157 443 2175 ⁶
462 2160 584 2187 norunt.
606 2156 872 2195 Theknowledge
882 2155 917 2185 of
930 2155 1003 2185 God

369 2216 488 2247 among
513 2207 569 2237 the
595 2206 732 2236 heathen
759 2206 786 2235 is
820 2205 1002 2235 contrasted

368 2257 447 2286 with
471 2257 542 2286 that
568 2265 686 2295 among
714 2256 902 2286 Christians.
943 2256 1002 2284 See

366 2307 482 2345 below,
505 2315 561 2335 nos
581 2306 680 2345 iqitur
696 2305 751 2344 qui
772 2304 909 2334 Domino
929 2313 1001 2343 coy-

367 2356 442 2385 nito.
487 2356 556 2385 The
570 2355 707 2384 heathen
726 2355 821 2383 know
837 2353 910 2383 God
927 2353 1001 2391 only

367 2405 408 2443 by
436 2405 561 2434 natural
585 2404 683 2442 right,
705 2413 739 2432 as
766 2411 851 2437 men,
875 2404 933 2431 not
959 2402 1001 2439 by

367 2454 484 2492 special
497 2454 594 2492 right,
608 2462 642 2482 as
657 2453 693 2482 of
708 2451 804 2482 God’s
815 2451 999 2487 household,

368 2502 526 2541 (naturali
535 2502 610 2539 jure
627 2512 689 2531 non
709 2502 803 2531 etiam
814 2500 1000 2539 familiari)

366 2553 440 2590 they
454 2553 551 2582 know
564 2553 639 2581 Him
654 2552 722 2581 afar
736 2550 789 2588 off,
803 2553 860 2579 not
874 2549 961 2588 nigh.

424 2601 438 2619 ⁶
458 2603 528 2640 quis
561 2602 603 2632 sit
635 2601 774 2631 cernulus.
816 2600 895 2630 God.
930 2598 995 2638 Ag.

364 2651 642 2682 simul......mula.
704 2651 810 2689 Gang.
853 2657 923 2688 quoe
957 2649 999 2678 sit

364 2700 485 2730 aemuza.
524 2700 614 2730 Pam.
629 2701 700 2739 quie
712 2700 755 2730 sit
767 2699 903 2729 aemulus.
938 2698 999 2728 Ur-

1075 1859 1191 1889 Coron.
1211 1858 1259 1888 ch.
1277 1861 1312 1888 6:
1334 1867 1398 1897 qua
1413 1858 1479 1888 Dei
1492 1858 1617 1888 aemulus
1637 1859 1705 1888 uni-

1071 1917 1192 1938 versam
1206 1907 1409 1937 conditionem
1422 1908 1515 1942 certis
1527 1908 1635 1938 usibus
1650 1908 1706 1938 ho-

1072 1958 1149 1987 mini
1171 1957 1382 1996 mancipatam
1402 1966 1470 1987 cum
1492 1957 1562 1996 ipso
1585 1957 1707 1988 homine

1072 2007 1225 2045 corrupit.
1253 2006 1399 2037 Conditio
1424 2007 1487 2036 and
1507 2006 1636 2037 condere
1654 2007 1706 2037 for

1071 2060 1219 2087 creatura
1229 2057 1291 2086 and
1302 2065 1420 2086 creare.
1441 2056 1493 2086 De
1504 2055 1590 2087 Cult.
1602 2056 1703 2087 Foem.

1072 2107 1139 2136 1.8:
1154 2106 1220 2136 Dei
1228 2105 1364 2136 conditio
1373 2107 1682 2135 estettusetmerum.

1129 2154 1142 2175 ⁷
1162 2165 1222 2184 non
1235 2154 1437 2194 erqo...cujus
1449 2163 1510 2183 non
1522 2153 1595 2185 sint.
1633 2153 1703 2184 The

1069 2206 1140 2235 text
1166 2205 1291 2234 follows
1319 2204 1447 2242 Gangn.
1480 2202 1543 2232 and
1570 2202 1703 2240 Pamel„

1070 2256 1184 2292 except
1210 2253 1281 2282 that
1307 2252 1382 2290 they
1407 2252 1483 2281 read
1510 2260 1571 2290 quo
1595 2251 1701 2282 omnia

1068 2302 1191 2331 instead
1205 2303 1241 2331 of
1254 2311 1276 2330 a
1296 2310 1356 2339 quo
1376 2301 1489 2330 omnia.
1532 2300 1613 2330 cod.
1635 2301 1700 2340 Ag.

1067 2351 1094 2380 is
1108 2352 1183 2381 here
1196 2351 1347 2389 illegible.
1389 2350 1462 2389 Rig.
1476 2349 1642 2388 (followed
1659 2350 1702 2389 by

1071 2399 1183 2437 Oehl.)
1208 2400 1290 2429 from
1320 2398 1501 2437 conjecture
1528 2398 1619 2428 reads
1649 2399 1702 2431 cui

1067 2449 1139 2478 usui
1156 2449 1219 2477 sint
1240 2448 1391 2484 instituta,
1411 2447 1441 2477 si
1461 2450 1628 2486 appareat,
1649 2448 1701 2477 cui

1066 2508 1137 2528 non.
1177 2498 1332 2536 Dodgson
1346 2497 1515 2527 translates
1536 2497 1609 2533 this,
1631 2498 1700 2527 ‘we

1066 2550 1152 2577 must
1165 2550 1222 2576 not
1235 2547 1309 2586 only
1322 2546 1466 2576 consider
1478 2547 1519 2585 by
1533 2546 1636 2575 whom
1655 2545 1700 2575 all

1066 2596 1175 2634 things
1196 2605 1280 2626 were
1303 2596 1405 2632 made,
1428 2595 1486 2624 but
1507 2595 1590 2624 from
1610 2595 1699 2625 what

1065 2646 1140 2685 they
1154 2655 1207 2675 are
1223 2645 1337 2675 turned
1351 2644 1528 2684 away—for
1542 2653 1577 2674 so
1590 2643 1656 2674 will
1671 2643 1699 2674 it

1066 2695 1106 2724 be
1120 2702 1192 2724 seen
1207 2697 1242 2725 to
1256 2695 1342 2724 what
1355 2703 1412 2724 use
1431 2693 1506 2732 they
1518 2701 1612 2730 were,
1627 2692 1655 2722 if
1671 2692 1698 2722 it
