1812 2956
111 363 310 394 CARVIII.

330 214 386 254 18
691 210 1096 250 TERTULLIANI
1127 208 1299 245 LIBER

331 346 536 392 Obelisci
569 344 854 395 enormitas9,
894 345 946 385 ut
983 338 1276 384 Hermateles
1316 336 1524 386 affirmat,
1563 332 1657 378 Soli

328 424 606 482 prostituta3
664 420 893 477 scriptura
934 418 1046 474 ejus,
1091 416 1216 459 unde
1270 418 1320 458 et
1368 425 1544 463 censuS‚
1596 409 1656 453 de

329 503 534 558 AEgypto
559 498 824 556 superstitio
849 500 933 541 est.
980 495 1202 551 Frigebat
1224 493 1483 536 daemonum
1506 486 1658 532 conci-

329 579 442 622 lium
466 578 563 622 sine
583 591 666 621 sua
678 576 833 618 Matre
850 574 1049 629 Magna3
1075 586 1131 615 ea
1153 571 1311 626 itaque
1331 568 1422 612 illic
1440 563 1659 623 praesidet

328 655 542 711 euripo¹⁰.
630 653 820 701 Consus,
866 654 920 692 ut
960 648 1175 699 diximus,
1221 645 1345 702 apud
1383 649 1532 689 metas
1573 645 1658 689 sub

326 736 454 776 terra
490 729 774 774 delitescit¹¹.
842 726 1080 770 Murtias¹²
1111 738 1294 779 quoque
1328 723 1504 766 idolum
1531 723 1658 768 fecit.

326 809 549 852 Murtiam
573 808 697 851 enim
715 807 850 850 deam
873 803 1041 847 amoris
1063 802 1237 852 volunt,
1261 801 1336 844 cui
1357 801 1406 844 in
1427 801 1505 844 illa.
1527 804 1661 858 parte

327 886 476 929 aedcm
506 899 686 929 vovere.
757 881 1103 930 Animadverte,
1131 878 1403 929 Christiane,
1435 883 1551 934 quot
1579 892 1662 923 no-

328 963 452 1005 mina
495 961 733 1005 immunda
774 957 1066 1017 possederint
1112 955 1310 999 Circum.
1378 955 1546 998 Aliena
1588 958 1662 1000 est

327 1040 415 1083 tibi
432 1039 608 1095 religio,
635 1052 773 1093 quam
797 1039 870 1079 tot
894 1033 1066 1077 diaboli
1089 1032 1274 1089 spiritus
1305 1035 1658 1088 occupaverunt.

329 1117 406 1160 De
438 1117 551 1160 locis
587 1115 774 1171 quidem
813 1114 942 1157 locus
970 1114 1042 1155 est
1078 1110 1363 1153 retractandi
1396 1110 1458 1152 ad
1490 1124 1661 1166 praeve-

328 1193 546 1236 niendam
571 1191 858 1247 quorundam
878 1187 1303 1244 interrogationem.
1375 1186 1499 1238 Quid
1523 1187 1660 1238 enim,

328 1270 491 1324 inquis,
524 1270 563 1313 si
592 1269 683 1312 alio
714 1268 762 1310 in
793 1271 1004 1322 tempore
1038 1264 1223 1307 Circum
1253 1262 1449 1307 adiero?
1482 1263 1662 1320 pericli-

329 1347 464 1389 tabor
487 1346 546 1390 de
574 1345 922 1401 inquinamento
939 1343 963 1385 ‘2
1030 1341 1171 1385 Nulla
1199 1343 1271 1383 est
1293 1340 1578 1397 praescriptio
1601 1341 1661 1386 de

329 1423 454 1466 locis.
525 1423 647 1466 Nam
679 1437 773 1465 non
805 1420 902 1464 sola
941 1419 1031 1462 ista
1074 1417 1375 1461 conciliabula
1419 1422 1660 1474 spectacu-

330 1500 493 1552 lorum,
511 1500 595 1543 sed
612 1499 753 1542 etiam
770 1497 944 1553 templa
958 1496 1057 1552 ipsa
1074 1495 1172 1538 sine
1190 1494 1395 1550 periculo
1410 1495 1662 1551 disciplinae

330 1577 459 1619 adire
483 1590 639 1619 servus
661 1574 754 1617 Dei
774 1576 932 1629 potest
954 1574 1151 1627 urgente
1170 1585 1308 1613 causa
1330 1570 1525 1627 simplici
1547 1571 1662 1615 dun-

330 1656 476 1704 taxat,
515 1666 617 1707 quae
654 1666 748 1694 non
785 1649 1019 1706 pertineat
1056 1647 1118 1690 ad
1160 1647 1394 1703 proprium
1434 1648 1532 1704 ejus
1570 1648 1662 1693 loci

330 1728 571 1784 negotium
593 1728 666 1771 vel
689 1727 901 1771 officium.
938 1725 1158 1769 Ceterum
1181 1727 1230 1767 et
1251 1724 1417 1779 plateae
1438 1729 1488 1768 et
1509 1725 1662 1768 forum

330 1809 380 1848 et
413 1805 589 1849 balneae
625 1808 674 1848 et
711 1803 891 1848 stabula
927 1805 977 1846 et
1016 1802 1126 1858 ipsae
1163 1801 1327 1844 domus
1363 1805 1530 1845 nostrae
1563 1802 1662 1846 sine

327 1904 453 1944 demque
480 1904 693 1935 Romanorum
722 1904 858 1934 Penates
889 1902 966 1937 dici,

329 1953 427 1981 Oeot'n·
449 1952 627 1991 μεγάλους,
654 1953 754 1983 esaim
785 1950 965 1990 χρηστούς,

329 2003 426 2032 θεοὺς
440 2001 615 2032 δυνατούς]
661 2002 756 2032 Oehl.

386 2048 399 2067 ⁹
419 2049 544 2079 obelisci
557 2049 735 2079 enormitas,
773 2047 829 2078 An
851 2047 962 2087 Egyp-

327 2099 394 2128 tian
410 2099 541 2135 obelisk,
559 2109 595 2130 12
596 2098 634 2137 5}
654 2099 720 2128 feet
734 2098 823 2136 high,
839 2098 963 2127 besides

328 2149 382 2178 the
398 2149 484 2185 base,
503 2151 558 2178 cut
578 2152 635 2177 out
659 2148 694 2177 of
708 2157 768 2177 one
787 2150 879 2177 stone
897 2156 963 2176 was

329 2199 441 2237 placed
463 2199 504 2237 by
524 2198 691 2237 Augustus
713 2197 746 2226 in
775 2198 828 2226 the
852 2197 963 2227 Circus

330 2246 501 2282 Maximus,
515 2245 578 2274 and
592 2244 758 2274 dedicated
772 2246 806 2273 to
824 2244 879 2273 the
893 2252 962 2272 sun.

330 2295 411 2325 Plin.
427 2296 467 2326 N.
479 2295 658 2325 H.xxxvn
676 2303 723 2331 14,
737 2302 766 2332 5.
795 2294 864 2323 The
881 2293 963 2332 Hip-

329 2345 483 2382 podrome
501 2345 537 2374 of
549 2343 814 2382 Constantinople
831 2345 886 2372 too
900 2343 964 2372 had

329 2393 371 2422 its
400 2394 531 2430 obelisk,
559 2403 578 2423 a
605 2402 679 2432 very
699 2393 789 2433 large
813 2402 873 2422 one
895 2392 962 2421 also

329 2442 411 2471 from
426 2443 545 2481 Egypt.

391 2491 417 2510 ¹⁰
437 2492 576 2531 Euripo.
615 2493 736 2531 Euripi
758 2501 842 2522 were
862 2492 963 2522 fosses

329 2542 431 2570 round
453 2542 508 2571 the
530 2542 650 2579 Circus,
674 2542 841 2581 originally
870 2541 962 2570 made

330 2591 370 2629 by
382 2591 486 2620 Julius
497 2591 612 2628 Caesar,
624 2594 658 2621 to
672 2594 797 2630 protect
807 2591 861 2620 the
872 2599 962 2629 spec-

330 2642 431 2668 tators
457 2639 539 2668 from
562 2641 616 2669 the
634 2641 710 2670 wild
731 2641 836 2670 beasts
852 2641 885 2669 in
906 2640 962 2669 the

329 2697 435 2719 arena.
474 2688 558 2718 Plin.
574 2689 614 2720 N.
627 2689 670 2719 Η.
687 2698 761 2720 vui.
778 2698 808 2729 7.
847 2689 962 2727 Dodg-

1033 1911 1089 1931 son
1112 1901 1271 1931 considers
1294 1901 1347 1931 the
1365 1901 1494 1940 euripus
1512 1904 1548 1932 to
1564 1902 1605 1933 be
1622 1911 1663 1933 an

1030 1951 1175 1982 artificial
1200 1952 1272 1981 lake
1292 1952 1344 1981 for
1365 1952 1540 1991 sea-fights,
1559 1953 1619 1983 but
1637 1953 1664 1983 it

1029 2002 1105 2031 does
1122 2004 1179 2031 not
1193 2010 1311 2040 appear
1326 2002 1397 2031 that
1410 2002 1500 2032 there
1513 2011 1579 2032 was
1592 2011 1666 2032 ever

1029 2052 1106 2081 such
1121 2061 1140 2081 a
1153 2051 1224 2080 lake
1243 2051 1276 2080 in
1297 2051 1352 2081 the
1368 2050 1501 2081 Circus(
1531 2052 1661 2082 Sueton.

1030 2101 1095 2131 Jul.
1111 2111 1137 2131 c.
1155 2111 1202 2139 39,
1224 2101 1382 2131 mentions
1403 2103 1480 2131 such
1500 2111 1519 2132 a
1538 2102 1611 2132 lake
1629 2103 1665 2132 in

1028 2151 1147 2180 minore
1176 2150 1306 2187 Codeta,
1331 2151 1434 2180 which
1458 2160 1523 2180 was
1545 2151 1579 2180 in
1607 2151 1663 2182 the

1031 2200 1172 2238 Campus
1196 2200 1349 2236 Martius3
1369 2201 1432 2229 and
1454 2200 1540 2230 Dion
1571 2200 1660 2232 Cass.

1029 2250 1148 2288 quoted
1170 2249 1212 2288 by
1231 2249 1357 2287 Lipsius
1387 2249 1524 2288 (Amph.
1547 2259 1580 2288 p.
1607 2250 1661 2290 40)

1029 2290 1098 2337 says
1138 2299 1210 2328 that
1250 2299 1336 2328 Nero
1371 2299 1531 2328 exhibited
1570 2301 1664 2331 naval

1028 2347 1126 2386 fights
1150 2348 1186 2376 iu
1220 2348 1274 2377 the
1306 2348 1543 2386 amphitheatro.
1584 2349 1662 2388 Lip-

1029 2397 1093 2426 sius
1119 2399 1233 2434 quotes
1257 2396 1290 2425 in
1318 2397 1374 2426 the
1399 2397 1524 2436 margin
1549 2396 1661 2428 Senee.

1029 2443 1095 2482 Ep.
1109 2453 1159 2482 91,
1179 2443 1235 2482 qui
1247 2444 1372 2482 euripos
1393 2444 1493 2474 subito
1508 2454 1664 2484 aquarum

1028 2491 1141 2529 impetu
1171 2491 1299 2529 implent
1325 2494 1380 2520 aut
1402 2491 1524 2528 siccent,
1548 2491 1663 2530 which,

1028 2541 1174 2579 perhaps,
1201 2541 1253 2570 led
1279 2543 1314 2570 to
1341 2541 1396 2570 the
1420 2540 1585 2570 confusion
1606 2541 1662 2571 be-

1028 2593 1132 2619 tween
1157 2590 1212 2620 the
1233 2590 1337 2628 euripi
1357 2590 1420 2620 and
1441 2591 1496 2621 the
1519 2590 1663 2621 artifieial

1027 2639 1125 2669 lakes.
