1812 2956
492 183 597 220 DE
630 182 1078 223 IDOLOLATRIA.
1112 196 1115 199 ·
1408 181 1461 225 91

117 311 311 358 casaris
326 312 350 356 5>
412 313 555 371 Ergo,
580 314 744 370 inquis,
766 315 916 362 honor
939 316 1034 361 Dei
1057 320 1131 361 est
1152 316 1356 363 lueernae
1379 333 1465 375 pro
1485 331 1586 363 οΑΡ.
1605 332 1685 363 xv.

114 389 292 437 foribus
327 394 378 436 et
410 390 566 436 laurus
598 393 646 435 in
677 394 887 449 postibus
903 394 927 437 5>
995 394 1107 438 Non
1141 395 1303 451 utique
1339 397 1467 451 quod

113 467 209 513 Dei
229 468 380 513 honor
403 473 490 521 est,
507 470 591 514 sed
615 471 742 526 quod
764 471 877 528 ejus,
896 471 975 527 qui
998 486 1083 528 pro
1105 472 1212 516 Deo
1236 473 1466 530 ejusmodi

115 546 276 592 officiis
305 546 574 599 honoratur,
606 554 832 604 quantum
862 549 910 592 in
939 550 1188 594 manifesto
1221 554 1307 602 est,
1341 551 1465 596 salva

114 624 387 681 operatione
417 640 521 681 quae
552 630 625 670 est
654 627 703 670 in
733 627 933 679 occulto,
957 627 1020 671 ad
1047 627 1278 672 daemonia
1304 643 1464 685 perve-

113 701 258 747 niens.
328 703 459 748 Certi
488 706 609 749 enim
642 720 744 750 esse
776 706 1014 757 debemus,
1037 706 1076 750 si
1100 721 1215 761 quos
1238 706 1357 751 latet
1379 722 1465 765 per

112 779 424 838 ignorantiam
456 782 735 828 litteraturae
776 784 1020 835 saecularis,
1057 785 1200 830 etiam
1236 786 1464 830 ostiorum

113 858 228 905 deos
255 860 381 918 apud
410 861 662 914 Romanos,
693 862 922 905 Cardeam
946 877 974 905 a
997 862 1286 907 cardinibus⁶
1305 863 1464 919 ¹appel-

110 936 278 990 labam,
319 942 370 983 et
409 939 660 983 Forculum
700 955 728 982 a
767 940 958 991 foribus,
995 943 1046 984 et
1079 939 1400 984 Limentinum
1433 956 1463 984 a

109 1013 282 1067 limine,
306 1019 356 1060 et
378 1016 530 1073 ipsum
552 1016 585 1060 J
585 1031 726 1061 anum
749 1032 777 1061 a
792 1016 988 1074 janua⁷z
1017 1021 1067 1062 et
1090 1019 1252 1074 utique
1276 1019 1460 1071 seimus,

108 1090 224 1137 lieet
241 1093 431 1138 nomina
452 1094 608 1138 inania
635 1098 778 1151 atque
807 1096 1008 1140 conficta
1038 1096 1144 1148 sint,
1170 1111 1278 1141 oum
1301 1100 1460 1141 tamen

109 1170 159 1215 in
175 1171 555 1227 superstitionem
577 1173 887 1224 deducuntur,
903 1189 1068 1231 rapere
1086 1174 1147 1218 ad
1163 1189 1214 1218 se
1231 1175 1462 1218 daemonia

111 1251 162 1293 et
195 1264 382 1294 omnem
416 1250 630 1306 spiritum
664 1251 955 1294 immundum
982 1266 1067 1308 per
1098 1252 1461 1296 consecrationis

111 1326 516 1384 obligamentum&
581 1328 805 1384 Alioquin
833 1329 1064 1373 daemonia
1085 1330 1262 1373 nullum
1285 1330 1462 1374 habent

110 1419 282 1449 nomen
308 1405 588 1462 singillatim,
614 1407 698 1451 sed
726 1407 791 1451 ibi
820 1423 991 1452 nomen
1020 1409 1274 1461 inveniunt„
1298 1409 1379 1452 ubi
1412 1413 1462 1454 et

109 1483 290 1540 pignus.
359 1483 518 1527 Etiam
563 1485 690 1541 apud
729 1486 923 1531 Graeoos
957 1486 1226 1543 Apollinem
1270 1489 1461 1549 Θυραῖον

109 1565 161 1606 et
193 1562 433 1607 Antelios⁹
467 1563 703 1616 daemonas
739 1566 967 1610 ostiorum
997 1566 1219 1623 praesides
1247 1566 1460 1623 legimus.

107 1639 228 1684 Haeo
270 1641 416 1698 igitur
452 1642 512 1686 ab
552 1642 687 1687 initio
723 1644 982 1701 praevidens
1021 1644 1220 1702 Spiritus
1263 1645 1461 1690 Sanctus

109 1717 252 1762 etiam
285 1719 406 1763 ostia
450 1720 499 1763 in
540 1722 920 1777 superstitionem
956 1726 1154 1768 ventura
1191 1723 1461 1780 praeoeoinit

107 1809 192 1851 per
227 1796 598 1852 antiquissimum
634 1799 912 1855 prophetam
948 1800 1113 1844 Enoch
1123 1803 1166 1845 ¹⁰.
1248 1801 1374 1845 Nam
1411 1805 1462 1845 et

107 1872 198 1916 alia
241 1874 362 1918 ostia
398 1874 447 1918 in
488 1875 667 1920 balneis
705 1877 890 1920 adorari
929 1877 1152 1922 videmus.
1222 1879 1271 1923 Si
1301 1883 1461 1922 autem

107 1955 218 1995 sunt
252 1952 332 2008 qui
359 1952 408 1996 in
438 1953 569 1997 ostiis
599 1954 866 2007 adorentur,
897 1956 959 1998 ad
988 1971 1069 2000 eos
1100 1956 1381 2001 et‘luoernae
1411 1960 1461 2000 et

107 2069 262 2100 cemimus
291 2070 421 2101 numina
432 2081 448 2108 ;
473 2071 531 2102 sed
561 2080 613 2102 eos
640 2071 674 2101 in
699 2072 750 2102 712·ae

105 2119 245 2158 colinus,
260 2129 372 2161 eosque
394 2131 589 2159 veneramur,
603 2131 681 2161 quoe
694 2122 749 2152 de-

106 2169 228 2200 dicatio
256 2171 353 2210 infert
379 2181 478 2202 ¹sacra
512 2175 542 2202 et
565 2172 750 2211 fabrilibus

106 2220 204 2262 efficit
234 2221 416 2252 inhabitare
448 2222 638 2254 simulacris.
684 2223 748 2253 Mi-

106 2280 180 2304 nue.
194 2271 263 2302 Pel.
286 2282 314 2303 e.
330 2283 388 2312 23:
413 2273 550 2313 Quando
574 2274 675 2314 iqitur
696 2274 749 2304 hic

106 2321 183 2352 deus
194 2323 337 2354 nascitur
345 2322 362 2355 ‚⁹
374 2323 628 2363 Eccefunditur,
633 2324 746 2364 fabri-

106 2374 210 2408 eatur,
224 2373 390 2412 scuhpieur.
431 2373 581 2404 Nondum
599 2374 675 2404 deus
692 2377 747 2405 est.

105 2421 191 2453 Ecce
204 2423 400 2462 plumbatur,
424 2425 627 2461 construitur,
652 2424 748 2464 eriqi-

105 2475 168 2503 lur.
215 2472 286 2504 Nec
312 2473 418 2504 adhuc
444 2474 533 2505 Deus
559 2478 613 2506 est.
662 2474 748 2505 Ecce

104 2526 251 2561 ormtur,
274 2528 484 2563 consecratur,
507 2529 629 2555 oratur.
668 2526 747 2556 Tum

98 2577 258 2613 postremo
273 2574 349 2604 deus
362 2578 416 2613 est,
430 2585 498 2606 cum
513 2576 602 2606 homo
617 2577 672 2607 ille
690 2586 746 2606 vo-

104 2623 165 2655 luit
177 2627 208 2655 et
221 2623 389 2656 dedicavit.
432 2626 492 2656 See
505 2626 557 2656 De
573 2627 657 2657 Idol.
673 2637 702 2657 e.
718 2637 745 2666 1,

104 2682 138 2705 n.
154 2682 183 2714 7.
226 2674 341 2714 Comp.
362 2675 414 2706 De
435 2676 544 2716 Speet.
561 2685 588 2707 c.
604 2687 658 2707 10:
669 2677 746 2716 sal-

104 2723 223 2756 laetam
250 2726 506 2758 consecrationis.
539 2726 591 2758 De
615 2727 693 2760 Cor.
715 2737 743 2760 c.

820 2081 875 2102 10:
896 2075 925 2102 et
937 2072 1003 2112 ipsi
1020 2072 1077 2112 (so.
1093 2071 1225 2112 mortui)
1245 2073 1335 2104 idola
1353 2073 1462 2104 statim

809 2124 898 2162 fiunt
910 2126 939 2154 et
953 2123 1062 2153 habitu
1077 2126 1107 2153 et
1120 2123 1204 2154 cultu
1218 2124 1462 2155 consecrationis

819 2184 889 2214 quoe
902 2174 1039 2205 secunda
1053 2174 1242 2204 idololatria
1254 2178 1310 2206 est.

879 2224 893 2243 ⁹
912 2225 1090 2264 Apollinem
1105 2226 1259 2264 Θυραῑον.
1293 2225 1341 2255 La
1356 2225 1462 2256 Cerdo

819 2278 934 2315 quotes
960 2275 1064 2305 Schol.
1089 2275 1121 2304 in
1149 2275 1246 2314 Soph.
1272 2275 1392 2307 Electr.
1417 2286 1460 2306 ou

817 2325 874 2356 the
889 2325 979 2355 word
1002 2324 1258 2364 προστατήριος
1271 2326 1400 2365 applied
1423 2329 1460 2357 to

818 2375 956 2415 Apollo:
978 2375 1035 2405 ὅτι
1055 2376 1123 2414 ’πρὸ
1150 2377 1219 2405 τῶν
1245 2375 1349 2414 Θυρῶν
1374 2377 1462 2415 ’ίδρυο

817 2439 887 2457 ται.
929 2427 1082 2458 Αηιεῖίοερ
1118 2426 1227 2457 Rhen.
1247 2430 1362 2466 quotes
1391 2428 1461 2459 He-

817 2477 923 2517 sych:
944 2476 1114 2514 ἀντήλιοι,
1126 2477 1157 2507 οἱ
1177 2477 1245 2517 πρὸ
1260 2479 1329 2508 τῶν
1343 2478 1461 2509 πυλῶν

818 2526 993 2567 ἱδρυμένοι.
1046 2526 1229 2565 Ἀντήλιος,
1263 2527 1281 2558 ὁ
1319 2529 1459 2566 α’ντικρὺ

815 2575 911 2613 ἡλίου
934 2576 1102 2615 ἱδρυμένος
1121 2578 1232 2617 βωμὸς
1245 2577 1265 2615 ἢ
1281 2577 1363 2610 Θεός.
1400 2580 1460 2610 See

816 2626 868 2657 De
885 2627 959 2657 Cor.
975 2636 1002 2656 c.
1021 2637 1068 2666 13.

877 2676 904 2695 ¹⁰
923 2676 1051 2709 Enoch.
1091 2676 1152 2709 See
1165 2679 1278 2719 above,
1291 2689 1320 2712 e.
1336 2690 1364 2719 4,
1379 2689 1412 2712 n.
1428 2690 1456 2720 3.
