1812 2956
192 321 231 353 C.
251 321 351 352 XIII.

390 175 473 216 152
739 180 1156 217 ,TERTULLIANI
1185 181 1360 218 LIBER

389 309 561 365 publici
585 309 714 363 equi⁹
738 324 843 352 cum
867 309 1048 353 coronis
1071 309 1176 353 suis.
1246 310 1474 354 Dominus
1495 314 1616 362 tuus,
1640 307 1721 354 ubi

170 401 236 427 Luc.
250 402 354 427 xix.30.
390 386 644 430 secundum
692 386 975 442 Scripturam
1010 386 1302 430 Hierusalem
1346 386 1527 443 ingredi
1562 377 1723 437 voluit,

171 556 213 581 Ps.
227 562 269 580 xx.
282 557 302 583 7.

170 620 255 674 ilpoc.
270 619 340 644 xviii.

172 1085 242 1110 Heb.
256 1085 289 1110 xi.
302 1086 340 1111 13.

173 1116 233 1141 Gal.
248 1116 281 1141 iv.
295 1117 334 1141 26.

173 1162 243 1186 Phil.
256 1162 291 1186 iii.
305 1163 343 1187 20.

171 1192 240 1223 Eph.
253 1192 278 1217 ii.
292 1193 331 1218 19.

171 1321 236 1347 Joh.
250 1321 300 1346 xvi.
314 1322 352 1348 20.

174 1396 251 1421 Mate.
264 1403 287 1421 v.
300 1396 324 1421 4.

175 1701 243 1726 Gen.
256 1701 326 1726 xxiv.
338 1701 353 1726 3
360 1710 368 1729 ,¹

173 1732 262 1756 xxviii.
275 1732 297 1756 1.

173 1779 187 1803 1
201 1778 260 1803 Gor.
272 1778 314 1804 vii.
327 1778 366 1804 39.

176 1854 190 1877 1
202 1853 261 1878 Oor.
274 1853 318 1879 vii.
331 1853 368 1879 23.

390 476 478 505 nec
512 462 691 504 asinum
723 462 885 505 habuit
919 463 1160 519 privatum.
1223 463 1309 506 Isti
1343 462 1392 506 in
1427 463 1634 507 curribus
1671 467 1722 506 et

390 539 468 582 isti
511 539 558 580 in
602 539 744 593 equis,
781 554 865 582 nos
902 543 1059 583 autem
1098 539 1146 581 in
1183 540 1368 584 nomine
1405 540 1596 583 Domini
1628 540 1722 584 Dei

391 616 537 658 nostri
576 615 899 660 invocabimus.
969 617 1047 659 Ab
1092 616 1192 673 ipso
1230 617 1435 660 incolatu
1474 617 1722 674 Babylonis

391 691 511 734 illius
547 692 594 734 in
623 693 903 749 Apocalypsi
934 693 965 736 J
967 691 1158 736 ohannis
1192 694 1527 744 submovemur,
1550 693 1722 737 nedum

391 784 419 811 a
442 773 676 825 suggestu.
748 770 1009 813 Coronatur
1040 774 1090 814 et
1122 770 1285 826 vulgus
1313 785 1436 814 nunc
1467 785 1529 814 ex
1557 770 1723 827 princi·

391 846 562 901 palium
585 846 945 902 prosperitatum
976 846 1299 897 exsultatione,
1330 861 1452 891 nunc
1489 861 1550 890 ex
1576 846 1723 890 muni-

392 922 607 978 cipalium
663 922 1022 965 sollemnitatum
1071 923 1370 980 proprietate.
1459 924 1547 968 Est
1599 923 1722 967 enim

393 999 540 1043 omnis
577 1000 772 1056 publicae
809 1000 983 1042 laetitiae
1020 1000 1202 1043 luxuria
1238 1001 1483 1056 captatrix.
1553 1001 1646 1045 Sed
1667 1004 1722 1044 tu

393 1076 664 1132 peregrinus
708 1077 868 1118 mundi
913 1076 1059 1132 hujus,
1108 1076 1218 1120 civis
1265 1077 1462 1120 civitatis
1512 1091 1721 1133 supernae

394 1153 699 1196 Hierusalem.
768 1154 954 1203 Noster,
978 1153 1140 1208 inquit,
1168 1154 1474 1210 municipatus
1506 1155 1554 1196 in
1585 1152 1721 1198 coelis.

393 1230 552 1273 Habes
593 1233 699 1272 tuos
746 1244 922 1279 census,
968 1233 1074 1272 tuos
1119 1230 1277 1280 fastos,
1323 1230 1436 1273 nihil
1479 1230 1566 1273 tibi
1616 1244 1722 1274 cum

392 1307 574 1362 gaudiis
601 1306 768 1356 saeculi,
796 1307 937 1348 immo
966 1306 1247 1349 contrarium
1277 1306 1432 1350 debes.
1496 1306 1723 1350 Saeeulum

395 1384 517 1426 enim
533 1384 757 1440 gaudebit
765 1385 809 1434 ¹⁰,
824 1398 904 1426 vos
923 1398 1031 1426 vero
1051 1383 1282 1439 lugebitis.
1332 1384 1408 1434 Et,
1423 1386 1550 1440 puto,
1563 1384 1722 1428 felices

393 1461 459 1502 ait
477 1460 705 1516 lugentes,
729 1475 822 1504 non
846 1464 1104 1503 coronatos.
1175 1461 1411 1504 Coronant
1438 1465 1488 1504 et
1509 1462 1722 1517 nuptiae¹¹

393 1551 596 1593 sponsos,
629 1542 678 1580 et
706 1538 813 1581 ideo
846 1553 939 1580 non
969 1538 1194 1580 nubemus
1224 1538 1431 1588 ethnicis,
1462 1553 1521 1581 ne
1547 1553 1632 1582 nos
1661 1537 1723 1581 ad

392 1615 701 1657 idololatriam
721 1629 866 1669 usque
891 1615 1137 1664 deducant,
1168 1629 1195 1656 a
1225 1629 1315 1669 qua
1342 1614 1465 1670 apud
1487 1614 1588 1658 illos
1610 1629 1724 1671 nup-

393 1691 471 1734 tiae
495 1691 731 1747 incipiunt.
788 1691 947 1734 Habes
976 1691 1129 1747 legem
1160 1706 1188 1733 a
1221 1691 1490 1747 patriarchis
1522 1691 1722 1747 quidem,

394 1768 536 1811 habes
581 1768 839 1824 apostolum
892 1769 940 1810 in
984 1768 1188 1811 Domino
1241 1770 1415 1812 nubere
1463 1769 1722 1829 jubentem.

397 1845 601 1888 Coronat
635 1849 685 1888 et
722 1845 912 1888 libertas
948 1844 1228 1889 saeeularis12.
1299 1846 1393 1890 Sed
1427 1850 1482 1889 tu
1517 1847 1617 1902 jam
1653 1861 1723 1890 re-

394 1922 608 1979 demptus
639 1938 688 1967 es
725 1938 753 1965 a
779 1923 975 1973 Christo,
1000 1925 1049 1966 et
1075 1923 1261 1977 quidem
1287 1938 1468 1980 magno.
1532 1924 1723 1968 Servum

391 2040 486 2070 etiam
517 2039 671 2070 ridiculos
704 2039 766 2079 ipsi
795 2049 851 2069 nos
871 2039 1025 2078 facimus·
1153 2038 1177 2057 ¹¹
1199 2040 1527 2080 coronantetnuptiae.
1561 2038 1638 2070 This
1651 2049 1721 2071 eus-

393 2090 518 2120 Aurum
541 2090 626 2130 quod
640 2091 815 2130 pendimus,
828 2099 956 2120 munera
976 2099 1027 2119 vo·
1092 2091 1159 2118 tom
1194 2099 1259 2119 was
1291 2091 1478 2120 afterwards
1511 2090 1650 2128 adopted
1681 2090 1724 2130 by

391 2150 509 2171 camus.
1095 2139 1282 2171 Christiana.
1304 2140 1418 2170 Claud.
1428 2140 1478 2170 De
1487 2140 1588 2179 Nupt.
1599 2140 1723 2172 Honor.

449 2190 463 2209 ⁹
482 2191 564 2230 equi.
598 2191 645 2221 La
667 2191 770 2222 Cerda
794 2193 907 2229 quotes
932 2189 1027 2220 Ovid.
1094 2198 1167 2219 202:
1194 2190 1241 2219 Tu
1245 2189 1363 2229 fistas,
1376 2189 1549 2229 Hymenaee,
1554 2190 1663 2228 faces,
1676 2192 1722 2228 tu,

392 2240 488 2271 Trist.
504 2250 550 2270 lv.
568 2251 594 2277 2,
610 2250 663 2272 22:
678 2241 769 2279 Erqo
783 2240 882 2269 omnis
889 2240 1028 2278 populus
1093 2237 1222 2275 Gratia,
1248 2240 1350 2278 floreo
1382 2239 1488 2278 Eliqe,
1517 2243 1550 2270 tu
1581 2239 1723 2278 §eminas

383 2290 505 2329 poterit
523 2294 663 2329 spectare
685 2290 867 2328 triumphos,
892 2289 1028 2327 Cumque
1095 2287 1283 2325 Concordia,
1297 2291 1379 2318 necte
1392 2297 1534 2318 coronas.
1565 2288 1647 2318 Ibid.
1661 2288 1723 2318 Fe-

390 2340 502 2370 ducum
528 2340 629 2370 titulis
661 2339 780 2378 oppida
812 2341 907 2377 capta
940 2338 1026 2376 leqet.
1092 2346 1175 2367 scen.
1183 2341 1236 2374 46:
1250 2338 1469 2377 Solitasqalea
1473 2338 1724 2377 fialqerecomas,

401 2390 566 2429 Vinclaque
588 2389 714 2428 captiva
735 2397 821 2427 reyes
847 2387 963 2417 cervice
970 2387 1026 2424 fi·
1093 2386 1257 2424 Stu’lzffion,
1270 2387 1358 2417 molli
1361 2388 1457 2426 flecte
1470 2397 1595 2417 corona.

391 2443 492 2469 rentes
523 2439 603 2469 Ante
635 2441 799 2468 coronatos
830 2437 878 2467 ire
911 2436 1027 2466 videbit
1150 2436 1177 2455 ¹²
1203 2437 1331 2467 libertas
1362 2437 1536 2468 soeeularis.
1582 2436 1724 2476 Thucyd.

390 2498 493 2527 equos.
527 2488 667 2518 Martial.
692 2488 755 2526 Ep.
779 2496 840 2518 vu.
863 2489 900 2518 8:
923 2487 1024 2517 lauri-
1090 2494 1136 2515 ιν.
1161 2487 1215 2515 80:
1236 2485 1267 2515 ol
1293 2486 1353 2524 μὲν
1374 2485 1658 2525 ἑστεφαναῖσαντό
1683 2496 1726 2516 τε

389 2547 481 2576 qeros
493 2547 598 2576 equos.
1089 2535 1143 2565 καὶ
1157 2534 1202 2565 τά
1215 2535 1286 2573 ispo?
1298 2535 1478 2574 περιῆλθον
1495 2534 1536 2566 ὥς
1549 2534 1724 2574 ἠλευθερη-

450 2585 477 2604 ¹⁰
498 2586 648 2617 Saeculum
662 2586 820 2626 qaudebit.
850 2586 901 2617 De
916 2586 1023 2626 spect.
1085 2586 1191 2625 μένοι.

390 2643 418 2664 c.
434 2637 489 2673 283
510 2636 561 2666 De
575 2636 658 2667 Idol.
673 2646 700 2666 c.
718 2646 765 2680 ¹3·
1147 2634 1174 2654 ¹³
1192 2635 1372 2674 ayonish'cae
1390 2644 1505 2666 σακε-ω.
1534 2634 1648 2674 Comp.
1671 2634 1724 2666 De
