1812 2956
504 200 608 238 'DE'
641 199 1090 240 IDOLOLATRIA.
1431 192 1485 236 81

134 345 236 376 rem
258 331 371 375 nihil
394 336 478 375 aut
501 347 656 389 operae
680 337 763 377 aut
787 333 1084 378 conscientiae
1110 331 1321 376 exhibeo.
1363 330 1489 375 Nam
1518 340 1617 372 CAP.
1634 341 1703 372 XI.

135 408 264 464 quod
284 409 433 466 ipsam
457 424 644 454 carnem
667 426 821 455 meam
851 426 879 454 a
907 411 1205 467 lupanaribus
1229 409 1485 466 segregavi,

135 500 340 543 agnosco
385 502 461 530 me
510 502 696 543 quoque
740 488 1022 533 lenocinium
1059 503 1211 543 neque
1251 488 1302 530 id
1338 502 1487 544 genus

135 563 358 608 lucrum¹²
375 564 567 609 alterius
586 580 726 609 causa
748 581 970 611 exercere
987 580 1136 623 posse.
1186 565 1262 609 Sic
1278 569 1328 609 et
1341 565 1487 608 homi-

137 641 248 692 cidii
278 641 548 686 interdictio
580 644 787 687 ostendit
821 643 935 686 mihi
963 643 1179 686 lanistam
1213 657 1398 698 quoque
1427 642 1486 685 ab

137 720 334 764 ecclesia
357 721 534 765 arceri:
569 736 656 765 nec
686 737 770 779 per
798 737 848 766 se
872 737 966 766 non
990 722 1133 766 faciet
1161 722 1288 777 quod
1314 721 1488 765 facien-

138 796 251 840 dum
280 797 410 841 ali0¹³
443 798 776 842 subministrat.
849 799 975 842 Ecce
1002 799 1150 855 magis
1180 798 1446 861 proximum
1455 800 1487 826 ¹4

135 875 468 932 praejudicium.
527 876 576 919 Si
599 876 888 932 publicarum
906 876 1198 920 victimarum
1215 876 1488 933 redemptor

137 952 200 995 ad
223 952 365 996 fidem
394 953 604 1007 accedat,
636 954 881 1010 permittes
912 953 956 998 ei
994 954 1042 995 in
1072 965 1129 997 eo
1160 954 1353 1010 negotio
1384 969 1488 1011 per·
1546 982 1550 986 ·

137 1030 364 1074 manere?
431 1030 533 1078 Aut
565 1031 604 1074 si
635 1031 737 1088 jam
767 1031 916 1075 fidelis
948 1031 998 1075 id
1032 1046 1174 1088 agere
1215 1032 1485 1089 susceperit,

137 1107 435 1152 retinendum
457 1108 506 1151 in
530 1108 727 1153 ecclesia
754 1109 977 1165 putabis?
1046 1110 1159 1153 Non
1191 1110 1368 1166 opinor,
1400 1111 1489 1153 nisi

135 1185 177 1229 si
211 1185 313 1241 quis
356 1190 406 1230 et
438 1186 498 1230 de
532 1186 782 1230 thurario¹⁵
812 1187 1134 1231 dissimulabit.
1207 1188 1396 1232 Scilicet
1428 1190 1490 1232 acl

135 1260 253 1305 ,alios
270 1262 483 1318 pervenit
499 1262 767 1318 procuratio
791 1262 1040 1318 sanguinis,
1058 1262 1119 1305 ad
1139 1263 1252 1306 alios
1277 1264 1488 1307 odorum.

141 1339 191 1383 Si
225 1342 476 1394 antequam
506 1339 632 1383 idola
668 1340 716 1382 in
751 1340 921 1384 saeeulo
954 1344 1123 1391 essent,
1153 1340 1224 1384 his
1258 1342 1491 1386 mercibus

139 1416 292 1461 adhuc
334 1417 545 1461 informis
594 1417 859 1461 idololatria
908 1419 1308 1475 transigebaturffi,
1356 1421 1395 1463 si
1442 1426 1491 1465 et

139 1507 264 1539 nunc
308 1495 408 1539 fere
459 1496 558 1539 sine
608 1496 735 1540 idolo
782 1511 898 1552 opus
942 1496 1219 1540 idololatriae
1265 1498 1491 1543 incendiis

141 1573 339 1617 odorum
361 1577 673 1630 perpetratur,
693 1573 903 1630 ecquid¹⁷
926 1575 1113 1631 majoris
1131 1591 1285 1632 operae
1304 1581 1354 1621 et
1378 1593 1492 1635 erga

139 1701 256 1724 corum.
299 1691 370 1723 The
390 1695 459 1723 rest
473 1692 605 1724 lucrum.
648 1693 714 1724 For
728 1694 784 1725 the

138 1751 198 1783 use
216 1743 253 1773 of
268 1741 305 1773 id
316 1752 423 1783 genus,
437 1752 542 1783 comp.
558 1744 676 1782 below,
691 1753 717 1775 c.
735 1754 785 1780 20,

141 1793 303 1832 hoeqenue
312 1793 450 1824 nomina.
474 1794 576 1833 Apul.
589 1793 658 1833 Ap.
669 1804 696 1824 c.
706 1805 735 1832 9.
749 1794 788 1824 id

139 1853 237 1883 qemts
245 1843 397 1883 plurima.
417 1844 495 1875 ibid.
506 1854 535 1875 c.
551 1855 600 1883 10,
608 1845 685 1876 ibid.
698 1855 725 1875 c.
737 1855 784 1877 11.

203 1893 232 1912 ¹³
250 1893 328 1924 alio.
364 1894 448 1925 eod.
462 1895 531 1934 Ag.
544 1895 621 1925 alio.
652 1895 783 1934 Gangn.

141 1943 236 1975 alios.
279 1943 350 1974 The
363 1946 430 1973 rest
443 1944 532 1976 aliie.
573 1945 652 1974 This
666 1945 693 1974 is
710 1954 786 1984 pro-

140 1994 237 2034 bably
259 2002 280 2023 a
299 1993 490 2026 correction.
532 1995 602 2024 The
624 1995 700 2025 fem.
719 1995 784 2025 dat.

141 2044 228 2081 alioe,
250 2044 303 2074 for
326 2043 398 2082 alii,
419 2044 447 2074 is
474 2047 533 2075 not
557 2045 787 2084 unfrequently

141 2094 231 2125 used.
275 2093 398 2124 Oehler
411 2098 526 2133 quotes
544 2104 584 2124 an
598 2094 786 2134 inscription

141 2144 176 2175 in
189 2144 295 2174 which
309 2144 384 2174 Alio
398 2144 513 2174 nemini
527 2154 648 2174 occurs.

203 2194 227 2213 ¹⁴
247 2194 350 2234 maqis
359 2194 551 2233 proximum,
565 2196 671 2224 ‘more
682 2198 716 2224 to
730 2195 786 2224 the

141 2244 258 2285 point)
297 2244 402 2283 Apul.
416 2244 484 2283 Ap.
498 2254 526 2275 c.
543 2245 574 2284 9,
589 2247 654 2275 tam
670 2245 785 2284 proxi-

143 2304 227 2325 mum
240 2297 465 2334 argument-um.

206 2343 232 2362 ¹⁵
251 2344 410 2374 thurario.
432 2344 484 2375 On
493 2344 788 2384 theemployments

143 2394 248 2425 which
259 2394 414 2425 excluded
423 2395 506 2425 from
518 2395 574 2426 the
583 2396 725 2433 Church,
735 2405 788 2426 see

143 2443 196 2475 De
217 2444 326 2483 Spect.
346 2453 374 2475 c.
393 2454 440 2482 24,
458 2454 491 2476 n.
507 2455 538 2476 2.
576 2445 701 2483 Above‚
714 2455 743 2475 c.
759 2455 787 2484 5,

143 2503 176 2524 n.
193 2505 217 2531 1,
231 2493 294 2524 aud
314 2503 343 2524 c.
359 2504 388 2532 9,
405 2503 437 2525 n.
454 2505 482 2524 1.
524 2495 594 2525 The
609 2505 665 2525 use
686 2496 722 2525 of
741 2496 789 2525 in-

140 2553 239 2574 cense
260 2553 337 2581 was,
359 2545 532 2583 according
555 2548 590 2575 ιο
613 2546 789 2583 Arnobius,

144 2594 393 2634 comparatively
411 2595 556 2629 modern,
579 2595 652 2626 Lib.
670 2605 731 2626 vn.
754 2606 786 2635 p.

145 2653 222 2683 2322
242 2643 276 2673 in
292 2643 456 2683 antiquam
469 2646 499 2674 et
519 2648 649 2675 veterem
666 2655 790 2677 consue-

137 2694 281 2726 tudinem
305 2703 448 2734 quamam
468 2695 566 2727 irruit
591 2697 727 2734 novitas,
756 2701 790 2728 ut

849 1694 936 1734 quod
967 1696 1197 1735 tempestatibus·
1223 1696 1322 1727 tantis
1350 1707 1492 1728 necessa-

849 1745 933 1775 rium
941 1745 1089 1784 nonfuit,
1102 1746 1203 1776 locum
1211 1750 1343 1777 sumeret
1354 1747 1387 1776 in
1398 1757 1492 1778 caere-

850 1795 963 1825 moniis
979 1795 1145 1834 primum?
1187 1796 1337 1836 Offering
1363 1798 1492 1829 incense

850 1855 916 1875 was
930 1846 962 1875 in
983 1846 1069 1886 early
1083 1847 1159 1885 days
1178 1847 1233 1876 the
1250 1850 1315 1876 test
1331 1852 1366 1877 to
1388 1849 1494 1878 which

852 1895 1031 1926 Christiane
1045 1896 1130 1926 were
1143 1896 1319 1936 subjected.
1362 1897 1422 1928 See
1437 1899 1494 1929 the

850 1949 927 1975 note
941 1946 974 1974 in
991 1946 1067 1976 Oxf.
1082 1946 1209 1976 Transi.

913 1993 939 2014 ¹⁶
960 1996 1010 2025 his
1019 1996 1207 2026 mercibus...
1230 1997 1239 2012 ‘
1250 1996 1404 2037 Idolatry,
1413 2007 1493 2028 even

850 2044 961 2075 before
979 2045 1005 2075 it
1022 2055 1088 2075 was
1101 2046 1239 2076 reduced
1255 2049 1288 2077 to
1302 2047 1411 2086 shape,
1427 2058 1492 2078 was

852 2096 1039 2126 committed
1050 2096 1129 2126 with
1143 2097 1233 2127 these
1242 2098 1364 2135 wares,'
1378 2099 1400 2128 i.
1409 2108 1434 2129 e.
1445 2099 1493 2128 in-

852 2155 946 2176 cense
961 2155 1027 2175 was
1041 2146 1160 2176 offered
1175 2150 1209 2176 to
1224 2157 1282 2176 sun
1302 2148 1365 2177 and
1383 2147 1491 2185 nsoon,

852 2195 910 2226 διο.
929 2197 1038 2226 before
1051 2196 1173 2236 images
1181 2206 1266 2227 were
1278 2198 1492 2238 worshipped.

914 2246 940 2267 ¹⁷
960 2247 1082 2286 ecquid.
1125 2248 1167 2277 So
1184 2247 1227 2276 all
1248 2248 1304 2277 the
1319 2248 1413 2278 MSS.
1428 2250 1492 2279 and

853 2297 939 2337 early
954 2297 1035 2327 Edd.
1062 2297 1156 2327 Oehl.
1171 2298 1253 2327 from
1268 2298 1349 2337 conj.
1364 2302 1393 2328 et
1406 2299 1494 2338 quid,

852 2347 885 2376 in
901 2347 994 2377 order
1009 2350 1043 2377 to
1057 2347 1150 2377 avoid
1164 2348 1221 2378 the
1242 2348 1494 2388 interrogation:

854 2401 862 2414 ¹
874 2398 929 2428 the
943 2397 1185 2431 incense-gener
1193 2397 1218 2426 is
1231 2407 1309 2427 even
1319 2399 1356 2427 of
1365 2402 1495 2437 greater

854 2447 973 2478 service
983 2446 1003 2483 ;'
1025 2448 1083 2477 but
1097 2451 1125 2477 et
1139 2447 1219 2486 quid
1230 2448 1349 2478 sounds
1362 2452 1494 2489 strange

853 2499 886 2527 in
899 2499 961 2528 this
975 2507 1077 2528 sense.
1109 2498 1232 2537 Dong.
1248 2499 1356 2529 ‘Doth
1367 2503 1425 2529 not
1438 2501 1494 2530 the

854 2549 1095 2578 incense-senex·
1125 2548 1166 2578 do
1196 2550 1302 2579 better
1336 2550 1456 2580 service
1465 2551 1493 2581 ‘3'

855 2598 922 2628 But
944 2598 1057 2637 ecquid
1078 2602 1195 2629 cannot
1211 2600 1287 2630 bear
1306 2600 1370 2630 this
1391 2610 1495 2631 sense.

855 2647 980 2685 Better,
1015 2648 1024 2664 ‘
1034 2648 1069 2678 Is
1096 2648 1187 2679 there
1216 2658 1277 2688 any
1305 2653 1433 2689 respect
1463 2651 1496 2680 in

855 2697 961 2728 which
983 2698 1039 2728 the
1061 2698 1303 2730 incense-senez·
1322 2709 1382 2730 can
1400 2701 1441 2731 be
1465 2702 1502 2731 of

1239 2765 1364 2809 4-5
