1812 2956
493 203 583 239 DE
621 200 1060 240 SPEOTAOULIS.
1396 195 1451 237 43

104 332 258 379 vultus
289 347 397 377 suos
427 333 653 378 novacula
685 337 838 377 mutat
852 334 876 377 P
916 332 1112 376 infidelis
1143 347 1256 390 erga
1284 333 1453 377 faciem
1473 342 1512 373 c.
1528 342 1670 374 xxm.

106 425 249 462 suam,
291 425 431 466 quam
473 426 568 454 non
614 414 864 455 contentus
909 411 1111 455 Saturno
1153 414 1203 454 et
1249 411 1362 454 Isidi
1403 414 1454 454 et

105 487 279 534 Libero
316 488 577 545 proximam
607 488 777 539 facere,
815 488 1005 545 insuper
1037 487 1328 532 contumeliis
1363 487 1454 532 ala-

105 567 293 623 parum⁶
336 565 403 610 sic
449 565 623 622 objicit,
679 565 809 622 quasi
861 566 922 609 de
974 568 1212 622 praecepto
1260 564 1454 609 Domini

105 641 277 687 ludat?
343 643 504 688 Docet
545 643 725 688 scilicet
770 647 821 687 et
860 643 1072 687 diabolus
1117 643 1455 687 verberandam

105 720 342 764 maxillam
375 721 610 778 patienter
651 722 831 765 offerre.
903 721 981 765 Sic
1018 725 1068 764 et
1102 720 1337 777 tragoedos
1378 735 1454 764 co·
1472 727 1544 753 Matt
1562 733 1587 752 v·
1600 726 1638 752 39-

105 797 288 842 thumis
312 798 495 850 extulit,
522 799 631 854 quia
653 814 791 842 nemo
815 801 975 855 potest
1004 798 1209 854 adjicere
1242 781 1453 841 cubitum
1472 806 1639 833 Luc-xiim

106 890 252 919 unum
289 876 351 920 ad
387 879 614 920 staturam
650 891 793 920 suam.
853 875 1136 919 Mendacem
1164 875 1322 919 facere
1354 875 1454 919 vult

108 954 357 1000 Christum.
404 956 437 999 J
436 970 513 998 am
535 970 646 999 vero
669 954 821 1011 ipsum
839 969 954 1011 opus
972 968 1276 1011 personarum
1298 968 1453 1009 quaero

106 1046 167 1075 an
206 1031 314 1076 Deo
358 1031 554 1089 placeat,
596 1032 676 1088 qui
715 1046 902 1076 omnem
938 1031 1289 1076 similitudinem
1324 1035 1455 1075 vetat
1472 1037 1558 1063 Emd-
1571 1043 1614 1062 u
1627 1037 1650 1062 4·

105 1109 219 1162 fieri,
244 1113 420 1166 quanto
454 1109 603 1168 magis
631 1109 846 1167 waginis
875 1109 1010 1153 suae?
1081 1109 1192 1153 Non
1224 1113 1351 1152 amat
1372 1109 1455 1152 fal-

106 1201 211 1232 sum
248 1191 414 1232 auctor
448 1188 687 1239 veritatis;
738 1187 1019 1231 adulterium
1053 1190 1127 1230 est
1162 1186 1288 1243 apud
1326 1186 1455 1229 illum

107 1280 246 1310 omne
269 1266 398 1322 quod
418 1266 622 1323 fingitur.
680 1265 888 1309 Proinde
911 1279 1088 1316 vocem,
1114 1279 1265 1315 sexus,
1291 1268 1455 1308 aetates

107 1343 426 1395 mentientem,
451 1358 646 1395 amores,
668 1343 773 1394 iras,
792 1342 1010 1399 gemitus,
1040 1341 1254 1385 lacrimas
1278 1356 1458 1386 asseve-

107 1424 291 1464 rantem
303 1435 398 1465 non
413 1420 645 1479 probabit,
665 1419 744 1476 qui
765 1434 951 1463 omnem
968 1418 1233 1476 hypocrisin
1251 1413 1455 1462 damnat.
1472 1428 1550 1485 {3¹31st-
1563 1427 1635 1454 xxiii-

110 1497 333 1543 Ceterum
366 1513 474 1542 cum
503 1498 553 1540 in
585 1497 692 1554 lege
729 1496 989 1554 praescribit
1017 1496 1321 1540 maledictum
1356 1510 1458 1540 esse

109 1576 189 1632 qui
211 1575 512 1620 muliebribus
535 1575 772 1626 vestietur,
793 1574 906 1630 quid
929 1574 990 1617 de
1018 1573 1305 1630 pantomimo
1332 1574 1458 1630 judi·
1476 1589 1559 1616 naut.
1572 1588 1669 1614 ¹1³⁵.

107 1653 249 1705 cabit,
288 1653 369 1710 qui
403 1653 547 1698 etiam
575 1652 880 1696 muliebribus
915 1650 1128 1696 curatur⁷
1144 1651 1168 1694 P
1240 1651 1362 1695 Sane
1409 1655 1460 1695 et

106 1730 186 1775 ille
215 1731 388 1775 artifex
410 1745 674 1788 pugnorum
696 1729 952 1787 impunitus
982 1729 1071 1772 ibit
1085 1729 1109 1772 ‘2
1173 1729 1311 1773 Tales
1335 1730 1460 1772 enim

109 1804 351 1853 cicatrices
385 1812 609 1852 caestuum
639 1811 689 1851 et
720 1807 861 1852 callos
898 1820 1163 1864 pugnorum
1193 1810 1243 1850 et
1277 1807 1460 1849 aurium

108 1885 279 1943 fungos
310 1900 339 1928 a
361 1886 482 1936 Deo,
507 1899 615 1929 cum
643 1884 953 1941 plasmaretur
976 1879 1197 1939 accepit⁸.
1253 1884 1371 1926 Ideo
1394 1883 1461 1926 illi

109 2012 174 2044 and
189 2015 238 2044 16.

169 2061 185 2081 ⁸
203 2065 249 2093 tot
265 2065 413 2094 statuum.
435 2065 547 2100 status,
572 2062 753 2093 conditione

109 2113 148 2144 of
164 2113 253 2144 mind
272 2113 309 2143 of
326 2113 419 2144 those
434 2114 589 2153 occupied
603 2114 682 2144 with
697 2113 752 2144 the

112 2163 335 2195 chariat-tace.

169 2213 185 2233 ⁴
205 2217 240 2245 ut
254 2213 403 2245 sacer-doe
416 2217 584 2245 coronatus
597 2213 659 2245 De.
676 2214 752 2245 Cor.

110 2273 140 2294 c.
175 2273 222 2302 10,
255 2264 416 2295 coloratus
433 2275 446 2300 ‚·
481 2263 604 2295 Oehler
637 2267 752 2304 quotes

109 2314 234 2346 Donat.
269 2315 310 2346 de
345 2315 498 2355 Tragoed.
533 2318 566 2345 et
604 2315 751 2346 Comoed.

111 2364 199 2396 Leno
215 2365 320 2405 pallio
339 2366 427 2396 varii
446 2365 563 2396 coloris
582 2366 694 2397 utitur.

172 2414 187 2433 ⁶
206 2414 357 2445 advertus
364 2414 506 2453 Heliam,
521 2417 573 2445 ‘to
588 2415 683 2445 mock
697 2415 753 2445 the

111 2467 200 2505 story
214 2465 252 2495 of
261 2464 390 2504 Elijah!
426 2466 458 2496 S.
474 2465 573 2505 Cypr.
587 2465 627 2495 de
642 2464 751 2504 Spect.

113 2524 147 2555 p.
159 2524 236 2554 339:
255 2514 343 2545 Nam
353 2514 439 2554 quod
446 2514 564 2545 Heliae
577 2515 695 2555 aurigya
709 2518 755 2545 est

113 2565 258 2603 Israelis,
267 2574 330 2595 non
337 2564 565 2604 patrocinatur
578 2564 664 2595 ludis
680 2564 755 2596 Cir.

114 2615 264 2646 centibus.

882 2011 897 2030 ⁶
917 2011 1101 2051 alaparum.
1124 2011 1250 2043 Arnob.
1266 2020 1329 2043 vu.
1340 2021 1372 2050 p.
1384 2021 1461 2050 239:

819 2061 1038 2098 Delectantur,
1060 2064 1095 2091 ut
1115 2070 1165 2091 res
1189 2064 1244 2096 est,
1263 2062 1462 2101 stupidorum

820 2112 979 2152 capitibus
998 2111 1092 2148 raeis,
1112 2112 1339 2151 salapittarum
1358 2112 1462 2142 sonitu

820 2166 915 2203 atque
928 2162 1059 2202 plausu,
1065 2162 1172 2200 sactis
1192 2165 1222 2192 et
1241 2162 1337 2192 dictis
1358 2163 1462 2201 turpi-

820 2207 1081 2252 bus-,fae'fmrum
1095 2212 1265 2252 inqentium
1278 2211 1401 2241 rubore.

878 2262 892 2283 ⁷
911 2263 1115 2293 muliebribus
1136 2265 1278 2298 curatur,
1300 2262 1345 2291 ‘is
1360 2261 1462 2291 studi-

820 2313 912 2352 ously
925 2313 1092 2343 fashioned
1107 2312 1186 2355 with
1205 2311 1249 2341 all
1267 2312 1323 2341 the
1340 2311 1462 2350 peculi-

820 2362 930 2392 arities
954 2363 991 2392 of
1013 2372 1033 2392 a
1055 2361 1208 2392 woman?
1248 2361 1373 2391 Arnob.
1397 2369 1463 2392 vlt.

820 2423 855 2453 p.
884 2423 959 2452 239:
995 2414 1029 2443 in
1050 2414 1222 2452 foemineas
1250 2412 1463 2443 mollitudines

820 2466 1002 2494 enervantes
1020 2472 1053 2493 se
1072 2463 1169 2493 viros.

880 2513 895 2532 ⁸
913 2513 1043 2544 Tales...
1056 2513 1136 2543 This
1150 2512 1214 2542 and
1228 2512 1284 2542 the
1296 2511 1465 2550 following

821 2566 989 2593 sentences
1016 2572 1071 2594 are
1106 2563 1143 2593 of
1173 2571 1285 2593 course
1319 2561 1465 2602 strongly

821 2613 962 2644 ironical.
