1812 2956
438 176 526 213 DE
559 175 803 214 CORONA
835 176 1094 213 MILITIS.
1358 170 1443 215 117

95 305 166 352 ita
183 305 435 350 observant
456 321 485 350 a
508 306 855 351 catechumenis
883 321 1032 363 usque
1062 307 1124 350 ad
1152 307 1441 351 confessores

97 386 149 429 et
169 387 398 442 martyras
427 385 502 429 vel
529 388 778 443 negatores
787 387 816 428 ².
885 385 1141 436 Viderint3,
1174 385 1300 430 unde
1332 401 1442 430 auc-

95 460 263 507 toritas
278 461 433 514 moris,
449 462 510 506 de
534 477 627 518 qua
646 477 754 506 cum
776 462 1003 506 maxime⁴
1022 463 1256 518 quaeritur.
1292 462 1443 507 Porro

97 551 204 583 cum
235 539 459 594 quaeritur
488 555 572 584 cur
600 539 714 595 quid
741 541 1026 591 observetur,
1059 540 1295 584 observari
1324 540 1443 585 inte-

95 615 185 659 rim
209 619 407 661 constat.
466 616 596 674 Ergo
621 631 709 661 nec
732 617 909 661 nullum
932 632 1019 662 nec
1042 617 1275 662 incertum
1294 617 1442 661 videri

94 697 255 752 potest
277 694 502 740 delictum
517 695 643 751 quod
662 696 972 739 committitur
995 696 1044 738 in
1068 695 1442 740 observationem

96 785 182 816 suo
202 771 305 829 ,iam
340 773 529 817 nornine
556 773 884 818 vindicandam
920 776 971 817 et
1007 773 1119 817 satis
1151 776 1442 816 auctoratam

97 861 348 893 consensus
386 849 663 906 patrocinio.
731 849 890 900 Plane,
930 853 985 892 ut
1027 850 1148 893 ratio
1193 849 1444 904 quaerenda

96 924 171 976 sit,
209 925 294 968 sed
331 925 456 970 salva
491 925 829 977 observatione,
865 940 954 970 nec
990 926 1040 969 in
1074 926 1444 970 destructionem

95 1002 208 1060 ejus,
245 1002 331 1047 sed
365 1003 415 1047 in
451 1003 808 1047 aedificationem
844 1004 1014 1061 potius,
1050 1019 1143 1060 quo
1179 1004 1328 1061 magis
1364 1005 1444 1048 ob-

95 1093 263 1133 serves,
288 1095 395 1125 cum
415 1080 560 1125 fueris
583 1081 727 1125 etiam
750 1081 810 1125 de
834 1081 1015 1125 ratione
1039 1096 1243 1127 securus.
1294 1081 1443 1133 Quale

96 1160 171 1202 est
205 1161 379 1211 autem,
410 1161 466 1202 ut
498 1161 613 1202 tunc
651 1158 754 1213 quis
794 1158 843 1201 in
875 1158 1182 1213 quaestionem
1220 1163 1444 1215 provocet

97 1234 483 1286 observationem,
508 1249 615 1279 cum
642 1235 702 1278 ab
732 1250 789 1279 ea
825 1236 1002 1279 excidit
1016 1235 1040 1277 P
1070 1238 1120 1279 et
1148 1238 1262 1279 tunc
1291 1236 1443 1291 requi-

97 1315 186 1364 rat,
221 1311 348 1355 unde
379 1311 597 1356 habuerit
631 1311 1019 1364 observationem,
1046 1326 1152 1355 cum
1181 1313 1240 1355 ab
1274 1327 1331 1355 ea
1365 1313 1444 1356 de-

98 1389 215 1434 siit?
247 1390 448 1446 quando,
480 1390 570 1434 etsi
605 1390 713 1435 ideo
736 1390 850 1434 velit
876 1390 1024 1434 videri
1053 1391 1115 1433 ad
1139 1391 1445 1446 quaestionem

97 1481 279 1519 vocare,
309 1467 382 1512 uti
415 1467 637 1511 ostendat
668 1482 718 1512 se
748 1482 843 1512 non
872 1467 1122 1522 deliquisse
1157 1468 1206 1510 in
1234 1468 1447 1512 observa-

98 1543 240 1589 tionis
269 1544 591 1596 destitutione,
615 1545 913 1589 nihilominus
935 1544 1184 1600 deliquisse
1209 1559 1316 1588 eum
1340 1560 1448 1589 con-

72 1632 174 1694 ⁴1who
190 1671 246 1694 are
265 1663 444 1694 comforted
463 1664 506 1704 by
525 1664 581 1694 the
602 1663 739 1694 circum·
806 1663 886 1694 This
907 1672 964 1693 use
989 1662 1026 1693 of
1043 1663 1179 1693 viderint
1197 1663 1225 1693 is
1246 1672 1394 1693 common
1414 1663 1448 1693 iu

85 1714 213 1743 'ntnnce
231 1713 270 1743 of
289 1713 383 1743 there
405 1713 506 1752 being
529 1722 591 1752 any
612 1713 739 1753 inquiry
807 1713 946 1744 Tertull.
972 1713 1024 1743 De
1040 1713 1149 1752 Spect.
1165 1723 1193 1743 c.
1216 1722 1271 1752 15:
1291 1714 1444 1744 viderit...

99 1763 136 1793 nt
156 1762 211 1800 an,
223 1771 259 1793 as
278 1763 307 1792 if
320 1763 478 1803 anything
493 1763 599 1793 which
622 1763 740 1793 admits
803 1764 998 1803 principalis
1018 1763 1130 1794 titulus
1149 1763 1355 1795 idololatriae.
1396 1765 1448 1794 De

101 1811 139 1842 of
147 1821 189 1842 an
204 1812 332 1852 inquiry
344 1815 432 1843 must
440 1813 482 1843 be
492 1813 626 1843 deemed
637 1813 740 1843 either

101 1869 145 1892 no
157 1861 265 1900 crime,
281 1871 319 1892 or
331 1865 366 1893 at
379 1863 424 1893 all
437 1866 548 1893 events
561 1872 580 1892 a
593 1872 669 1902 very
682 1872 741 1892 un-

102 1910 226 1942 certain
239 1911 326 1943 one.'

165 1961 229 1992 Ch.
242 1961 290 1993 11.
333 1961 344 1980 ¹
365 1961 470 2001 capite
490 1970 588 1992 nosse.
625 1961 741 2000 Comp.

103 2011 250 2051 Apolog.
264 2020 293 2042 c.
305 2019 360 2048 42:
380 2021 437 2041 noe
450 2020 599 2041 coronam
611 2011 744 2041 naribus

102 2061 257 2093 novimus.
298 2062 360 2092 See
385 2061 502 2098 below,
519 2070 560 2100 c.
587 2070 616 2100 5.
657 2061 744 2091 aliae

103 2115 198 2143 mm
211 2115 366 2151 tempus..
383 2114 392 2127 ‘
402 2111 435 2141 iu
453 2112 547 2142 other
556 2111 651 2142 times
664 2112 743 2141 than

104 2162 200 2193 those
212 2163 250 2193 of
260 2162 338 2192 such
352 2171 372 2192 a
385 2161 460 2192 trial
474 2171 509 2191 as
522 2162 579 2192 the
592 2161 742 2201 present?

164 2212 180 2232 ⁸
198 2222 222 2244 a
239 2213 552 2243 catechumenis...vel
571 2215 747 2252 neqatores,

107 2263 211 2294 ‘stom
224 2263 281 2294 the
298 2263 377 2293 time
399 2263 435 2292 of
453 2263 538 2293 their
555 2262 626 2292 first
648 2263 746 2302 being

106 2313 332 2344 catechumena
359 2315 394 2343 to
420 2313 493 2342 that
520 2313 557 2342 of
580 2312 666 2342 their
691 2313 746 2342 be-

108 2363 240 2403 ooming
258 2363 362 2393 either
382 2363 561 2393 confessors
579 2363 643 2393 and
660 2372 745 2392 mar-

106 2416 186 2454 tyra,
198 2421 236 2444 οι·
249 2413 315 2443 else
327 2413 526 2452 renegades.’

167 2461 182 2482 ⁸
207 2462 363 2493 Viderint.
406 2463 483 2502 Rig.
499 2463 563 2492 and
582 2462 663 2493 eod.
678 2463 747 2503 Ag.

106 2513 236 2544 viderie.
282 2513 353 2543 The
379 2515 446 2543 rest
471 2513 618 2543 viderint.
666 2514 676 2530 ‘
685 2513 748 2543 Let

107 2564 198 2595 them
211 2563 288 2593 look
302 2565 336 2593 to
349 2562 405 2592 the
419 2571 532 2593 source
546 2563 678 2593 whence
691 2563 747 2593 the

108 2612 271 2652 authority
279 2612 331 2642 for
344 2612 408 2643 this
422 2615 545 2643 custom
559 2613 586 2643 is
600 2613 750 2644 derived?

109 2665 168 2696 te.
176 2665 187 2682 ‘
195 2663 248 2694 No
260 2664 379 2694 matter
391 2663 475 2693 from
486 2663 575 2694 what
587 2664 749 2694 source..)

807 1813 890 1844 Idol.
908 1823 934 1843 c.
952 1823 1006 1843 11:
1027 1813 1174 1850 viderint,
1187 1814 1217 1843 ei
1236 1814 1350 1843 eoedem
1370 1824 1449 1844 mer-

807 1864 971 1893 ces...usui
986 1866 1079 1902 sum.x
1110 1863 1194 1893 Ibid.
1209 1872 1236 1894 c.
1253 1873 1308 1900 24:
1329 1864 1448 1894 videri-

807 1922 876 1942 mue
886 1913 966 1942 enim
980 1913 1009 1942 εἰ
1021 1913 1188 1942 secundum
1202 1922 1290 1943 arcae
1303 1916 1446 1951 typum...

808 1962 843 1991 in
852 1962 984 1992 ecclesia
997 1962 1067 1992 erit.
1091 1962 1235 2000 Apolog.
1250 1971 1276 1992 c.
1291 1971 1347 1999 42:
1362 1962 1449 1992 vide-

809 2012 875 2041 rint
884 2011 941 2051 qui
948 2021 1011 2050 per
1024 2011 1176 2050 capillum
1185 2011 1371 2044 odorantur.
1386 2013 1450 2042 Be-

809 2062 884 2099 10w‚
898 2071 926 2092 c.
942 2072 999 2100 132
1024 2061 1169 2092 Viderint
1181 2064 1211 2091 et
1224 2062 1350 2100 publici
1367 2063 1450 2102 equi.

810 2112 863 2142 De
877 2112 1014 2142 Praescr.
1026 2121 1055 2142 c.
1069 2122 1102 2141 11
1115 2122 1123 2142 ε
1141 2112 1258 2142 viderit
1271 2112 1327 2151 qui
1340 2113 1453 2151 quaerit

810 2171 940 2201 semper,
954 2162 1033 2201 quia
1053 2171 1115 2191 non
1136 2161 1262 2191 invenit.
1296 2162 1348 2192 De
1368 2162 1452 2192 Idol.

812 2221 840 2242 c.
858 2220 894 2251 7:
908 2212 1023 2242 viderit
1036 2221 1079 2241 an
1097 2211 1214 2242 dictum
1229 2212 1280 2242 sit.
1324 2212 1454 2242 Tertul-

810 2262 902 2292 lian’s
915 2262 1013 2292 views
1034 2271 1069 2291 as
1090 2264 1125 2291 to
1146 2262 1202 2292 the
1221 2271 1340 2301 proper
1353 2263 1454 2293 limits

813 2312 850 2341 of
859 2311 987 2351 inquiry
1000 2321 1035 2341 as
1054 2314 1088 2341 to
1109 2311 1238 2341 articles
1253 2312 1290 2341 of
1299 2312 1381 2342 faith
1400 2321 1455 2343 are

812 2361 879 2391 laid
893 2362 988 2391 down
1002 2362 1035 2391 in
1047 2361 1231 2401 Praescript.
1246 2371 1274 2391 c.
1289 2364 1395 2393 8—12.

874 2411 889 2430 ⁴
910 2422 979 2442 cum
995 2413 1140 2442 maxime.
1175 2412 1226 2442 De
1249 2412 1355 2451 Spect.
1376 2422 1403 2443 c.
1420 2423 1453 2443 1:

813 2462 870 2502 qui
893 2471 962 2492 cum
986 2462 1158 2492 maxime...
1195 2461 1247 2492 De
1271 2462 1351 2492 Idol.
1371 2472 1401 2493 c.
1416 2473 1452 2493 2:

814 2512 853 2542 de
872 2512 930 2542 hoc
952 2521 1021 2542 cum
1042 2512 1178 2541 maxime
1197 2515 1341 2550 suscepta
1358 2512 1401 2542 sit
1418 2515 1451 2541 et

813 2563 941 2601 passim.

813 2614 956 2644 maxime.

997 2562 1074 2601 Rig.
1117 2562 1193 2592 here
1236 2562 1329 2592 reads
1372 2571 1452 2591 nunc

1481 318 1580 350 CAP.
1597 318 1644 349 ΙΙ.

1461 1022 1476 1047 2
1488 1022 1547 1048 Cor.
1557 1022 1609 1047 xiii
1623 1022 1660 1048 10.
