1812 2956
156 364 195 395 C.
210 363 326 394 XVII.

142 520 211 545 Mar.
224 518 266 544 vii.
280 519 317 545 20.

145 904 187 938 C.
201 905 335 935 XVIII.

143 961 199 986 The
207 962 346 988 literature

140 992 169 1016 of
183 992 230 1017 the
240 994 314 1023 stage
324 993 346 1018 is

142 1022 292 1053 forbidden,
302 1030 332 1048 as

143 1053 287 1083 belonging
297 1056 326 1079 to

143 1082 190 1107 the
203 1083 322 1108 ‘foolish-

146 1114 218 1137 ness'
230 1114 259 1137 of

146 1143 259 1174 worldly
271 1144 327 1170 wis—

145 1173 217 1197 dom.

146 1204 159 1227 1
173 1204 232 1228 Gor.
246 1204 279 1228 iii.
292 1204 330 1229 19.

146 1233 205 1257 Nor
215 1241 278 1265 may
290 1242 328 1260 we

146 1323 237 1349 lawful
248 1326 276 1350 to
287 1325 328 1351 do.

146 1660 202 1686 'she
213 1661 305 1692 vanity

145 1691 201 1715 and
212 1692 322 1723 ferocity

146 1721 177 1745 of
185 1722 231 1747 the
241 1724 293 1747 sta-

146 1751 224 1776 dium
234 1760 280 1777 are
291 1753 342 1778 sor-

148 1782 256 1807 biddcn.

146 1814 235 1870 Ξ,ἶξγοοιπ
243 1813 277 1838 ix.
286 1814 350 1838 24-

357 216 415 259 36
715 220 1119 257 TERTULLIANI
1157 220 1338 256 LIBER

360 350 686 393 scurrilitatem
723 354 772 393 et
801 364 937 393 omne
966 363 1133 391 vanum
1162 349 1353 391 verbum
1371 340 1638 405 judicatum*
1668 358 1697 393 a

360 427 466 470 Deo
495 427 690 470 sciamus
705 426 728 469 P
799 426 892 470 Cur
920 439 1051 480 aeque
1074 425 1213 468 liceat
1235 425 1392 468 videre
1416 440 1518 480 quae
1540 426 1696 470 facere

359 503 586 559 flagitium
610 507 682 546 est
696 503 719 546 P
779 503 872 546 Cur
897 516 998 557 quae
1023 516 1103 545 ore
1127 501 1306 557 prolata
1329 500 1695 546 communicans!

359 580 606 632 hominem,
632 595 687 623 ea
710 596 793 637 per
817 580 974 624 oculos
996 582 1045 622 et
1068 593 1202 622 aures
1237 579 1436 622 admissa
1457 594 1552 622 non
1573 579 1699 623 vide-

361 661 499 700 antur
522 660 861 702 communicare
877 658 900 700 ‘2
936 671 1042 700 cum
1066 657 1246 712 spiritui
1269 658 1543 712 appareant⁸
1564 670 1700 700 aures

361 738 409 777 et
447 735 580 786 oculi,
606 750 692 779 nec
727 735 872 792 possit
895 734 1093 776 mundus
1121 733 1342 789 praestari,
1367 733 1496 789 cujus
1523 732 1700 789 appari-

906 811 1067 854 Habes
1103 810 1248 866 igitur
1276 814 1326 853 et
1353 810 1527 853 theatri
1560 810 1701 852 inter·
1758 857 1760 860 y

362 890 616 933 dictionem
653 890 712 932 de
749 889 1076 932 interdictione
1113 888 1426 944 impudicitiae.
1501 887 1617 931 *Sin
1651 890 1701 931 et

363 967 623 1010 doctrinam
660 966 889 1010 saeeularis
925 965 1214 1015 litteraturae,
1243 968 1297 1007 ut
1333 964 1542 1008 stultitiae
1577 962 1702 1020 apud

363 1044 518 1087 Deum
562 1044 845 1099 deputatam,
884 1056 1193 1097 aspernamur,
1232 1042 1342 1084 satis
1387 1040 1701 1097 praescribitur

362 1121 495 1163 nobis
519 1124 567 1164 et
592 1120 650 1163 de
675 1120 761 1162 illis
777 1119 1016 1175 speciebus
1040 1118 1421 1174 spectaculorum,
1438 1132 1540 1172 quae
1561 1131 1701 1160 saecu-

362 1197 447 1239 lari
483 1197 747 1239 litteratura
785 1196 1003 1238 lusoriam
1040 1195 1112 1237 vel
1152 1194 1455 1250 agonisticam
1493 1195 1700 1237 scenam¹

364 1275 659 1331 dispungunt.
732 1273 870 1325 Quod
898 1273 936 1316 si
958 1271 1194 1328 tragoediae
1219 1274 1268 1314 et
1292 1271 1526 1315 comoediae
1561 1270 1702 1315 scele-

362 1367 464 1394 rum
490 1354 539 1394 et
562 1350 803 1393 libidinum
837 1349 1077 1399 amatrices,
1103 1351 1307 1391 cruentae
1331 1351 1381 1390 et
1402 1347 1596 1398 lascivae,
1620 1347 1702 1390 im-

363 1428 451 1484 piae
499 1431 548 1470 et
593 1427 813 1483 prodigae,
852 1426 1019 1468 nullius
1055 1424 1124 1468 rei
1161 1428 1243 1467 aut
1279 1424 1449 1467 atrocis
1485 1427 1567 1467 aut
1601 1423 1702 1467 vilis

1097 1501 1236 1553 Quod
1258 1501 1306 1543 in
1329 1501 1457 1544 facto
1479 1499 1699 1556 rejicitur,

366 1581 507 1623 etiam
530 1581 578 1622 in
602 1580 728 1622 dicto
752 1594 845 1621 non
870 1582 942 1621 est
969 1577 1297 1633 recipiendum.

463 1656 602 1707 Quod
648 1657 685 1698 si
732 1659 780 1697 et
827 1655 1027 1698 stadium
1073 1653 1327 1696 contendas
1367 1653 1416 1694 in
1453 1652 1701 1708 Scripturis

364 1732 602 1782 nominari,
633 1747 741 1774 sane
779 1732 1020 1774 obtinebis.
1093 1730 1186 1773 Sed
1214 1744 1316 1785 quae
1352 1729 1401 1771 in
1438 1729 1589 1772 stadio
1622 1743 1702 1785 ge-

361 815 489 855 tores
526 813 834 867 inquinantur.

365 1504 743 1548 commemoratio
765 1503 928 1546 melior
945 1506 1031 1545 est.

446 1830 460 1850 ⁷
492 1831 726 1867 communicant,
777 1831 835 1861 Gr.
885 1833 1000 1866 κοινοῖ,

367 1880 490 1910 ‘makes
498 1889 644 1910 common
656 1890 692 1909 or
702 1880 856 1910 unclean.'
877 1880 1000 1910 Erasm-

1067 1829 1229 1868 authority
1242 1828 1269 1858 is
1282 1828 1377 1867 given
1391 1828 1442 1857 for
1455 1828 1532 1858 such
1553 1836 1572 1857 a
1589 1836 1647 1858 use
1667 1828 1708 1876 οἱ·

1067 1878 1123 1908 the
1132 1878 1246 1907 words.
1290 1878 1323 1907 Is
1336 1879 1394 1907 not
1407 1877 1529 1907 lusoria
1541 1886 1633 1907 scena
1646 1877 1702 1908 the

366 1930 545 1968 ‘impurum
571 1930 669 1959 facit.’
709 1929 807 1968 Vulg.
837 1929 905 1959 Illa
931 1932 1002 1959 sunt

366 1988 436 2018 quoe
450 1979 673 2009 communicant
688 1980 847 2009 hominem.
876 1979 927 2008 De
941 1979 1002 2008 Pa-

367 2026 462 2056 tient.
480 2036 507 2055 c.
525 2028 559 2056 8:
582 2026 657 2056 Non
678 2026 874 2056 vasculorum
897 2025 1000 2064 inqui-

367 2076 531 2112 namentis,
544 2076 601 2105 sed
613 2085 718 2105 eorum
733 2085 803 2114 quae
815 2085 853 2105 eoe
863 2085 1002 2114 orepro-

367 2129 501 2162 muntur,
516 2126 667 2156 hominem
682 2125 912 2156 communicari.

427 2174 440 2192 ⁸
460 2179 647 2214 appareant.
691 2176 833 2213 Apolog.
854 2184 881 2204 e.
899 2184 952 2213 13:
973 2176 1002 2204 et

369 2225 526 2263 haruspex
540 2225 669 2254 mortuis
682 2227 824 2262 apparet.
853 2224 904 2253 De
919 2224 1000 2253 Idol.

368 2281 396 2302 c.
415 2280 470 2309 17:
503 2272 558 2310 qui
581 2271 706 2310 reyibus
727 2271 876 2300 idolatris
898 2279 1000 2308 appa-

368 2324 508 2351 ruerunt.
530 2321 599 2350 Liv.
616 2329 654 2350 11.
669 2329 727 2358 55:
755 2320 899 2358 Quatuor
912 2322 941 2348 et
953 2320 1001 2348 vi-

368 2370 449 2408 qinti
461 2370 604 2399 Lictores
617 2378 774 2408 apparere
787 2369 972 2398 consulibus.

430 2420 490 2450 Ch.
509 2420 640 2450 XVIII.
675 2419 683 2437 ¹
706 2420 858 2449 lusoriam
867 2419 916 2449 vel
925 2428 1002 2458 ayo-

368 2471 515 2500 nisticam
539 2479 661 2500 scenam
694 2470 893 2508 dispunqunt.
935 2469 1001 2498 He-

369 2520 478 2549 raldus
489 2529 530 2548 on
541 2520 664 2549 Arnob.
676 2528 731 2549 111.
741 2529 772 2557 p.
787 2529 851 2557 109,
861 2519 960 2548 refers
970 2522 1003 2548 to

369 2570 425 2598 the
445 2579 591 2599 common
611 2579 667 2599 use
689 2570 725 2598 of
745 2570 934 2608 ἀγωνισταὶ
954 2569 1004 2598 for

369 2621 484 2654 aetors,
513 2619 576 2647 and
608 2619 751 2657 explains
781 2619 932 2648 lusoriam
956 2618 1005 2648 vel

369 2668 575 2705 aqonistz'cam
601 2677 732 2704 scenam,
754 2677 788 2697 as
811 2668 883 2697 ‘the
904 2667 1004 2696 comio

369 2716 433 2744 and
447 2716 549 2754 tragic
562 2716 678 2754 stage.‘
708 2717 795 2745 Most
809 2718 1002 2745 commenta-

368 2767 436 2795 tors
458 2774 554 2803 agree
567 2765 646 2795 with
669 2765 838 2795 Hei-aldus.
877 2765 944 2795 But
963 2774 1004 2794 no

1069 1936 1214 1957 common
1235 1927 1402 1957 theatrica]
1424 1927 1702 1965 representatione,

1068 1977 1235 2015 including
1248 1976 1382 2015 tragedy
1396 1976 1459 2006 and
1475 1976 1701 2015 comedy—the

1069 2027 1258 2066 aqonistz‘ca,
1280 2026 1358 2055 such
1379 2027 1648 2065 representations
1667 2034 1703 2056 as

1069 2084 1153 2105 were
1167 2084 1312 2105 common
1326 2075 1359 2104 in
1381 2075 1437 2105 the
1458 2083 1582 2114 aqones,
1594 2075 1702 2105 where

1069 2125 1161 2155 there
1185 2134 1269 2154 were
1292 2120 1382 2154 tr'ials
1409 2125 1446 2154 of
1464 2124 1597 2154 musical
1619 2123 1703 2161 skill,

1069 2175 1131 2204 and
1143 2174 1261 2203 similar
1275 2174 1489 2204 exhibitions?
1508 2173 1703 2212 dispunqere,

1069 2225 1122 2252 ‘to
1147 2224 1235 2252 draw
1255 2232 1300 2261 up
1320 2226 1481 2259 accounts,
1502 2222 1623 2261 setting
1641 2231 1702 2253 one

1070 2273 1137 2302 side
1164 2272 1290 2311 against
1319 2272 1375 2301 the
1408 2271 1522 2308 othei-‚⁹
1556 2270 1701 2311 Apolog.

1070 2331 1097 2351 c.
1120 2329 1167 2359 37,
1189 2321 1305 2350 malum
1317 2321 1400 2350 malo
1415 2320 1565 2359 dispunqi
1575 2331 1588 2356 ,-
1610 2320 1704 2351 Adv.

1069 2370 1091 2400 J
1094 2370 1149 2399 ud.
1163 2379 1189 2399 e.
1205 2379 1233 2407 9,
1247 2369 1360 2408 [taque
1377 2370 1557 2408 specialiter
1570 2370 1700 2410 dispun-

1069 2429 1180 2458 gamus
1188 2419 1327 2448 ordinem
1341 2422 1479 2457 coeptum.
1497 2421 1506 2436 ‘
1515 2423 1549 2449 to
1558 2423 1607 2450 set
1614 2421 1702 2450 forth

1069 2478 1104 2498 as
1126 2469 1177 2497 for
1210 2467 1364 2504 account‚'
1399 2468 1497 2507 Apol.
1525 2478 1552 2498 c.
1577 2477 1626 2507 45,
1646 2478 1702 2499 nos

1070 2518 1126 2557 qui
1138 2518 1194 2547 sub
1202 2517 1274 2547 Deo
1288 2518 1421 2547 omnium
1434 2517 1627 2557 speculatore
1635 2519 1702 2548 dis-

1064 2567 1245 2606 punqz‘mur.
1265 2568 1316 2596 ‘to
1333 2568 1438 2604 settle,
1451 2570 1486 2597 to
1504 2568 1630 2607 dispose
1649 2566 1703 2605 of‚’

1071 2616 1171 2655 Apol.
1203 2626 1229 2645 c.
1259 2625 1308 2653 44,
1336 2617 1392 2655 qui
1417 2617 1575 2647 sententiis
1599 2617 1704 2656 eloqia

1071 2665 1270 2703 dispunqitis.
1299 2667 1408 2695 Hence
1423 2667 1474 2695 ‘to
1487 2674 1622 2704 arrange
1638 2666 1703 2696 and

1071 2719 1120 2744 set
1133 2714 1220 2743 forth
1234 2714 1265 2742 in
1281 2714 1393 2744 order!
1420 2715 1496 2744 Illis
1508 2715 1700 2754 speciebus...

1071 2766 1081 2782 ‘
1090 2765 1180 2795 those
1194 2765 1287 2794 kinds
1301 2765 1336 2795 of
1350 2765 1465 2801 shows,
1479 2763 1584 2794 which
1598 2764 1639 2804 by
1647 2763 1709 2794 the*
