1812 2956
0 99 15 118 *n

117 258 227 333 Hoc
249 286 566 344 idolothytum
593 289 679 337 est,
702 300 798 329 non
827 284 1095 342 contigeris,
1119 283 1269 327 multo
1298 282 1462 340 magis,
1499 292 1598 325 CAP.
1621 293 1665 323 x.

457 153 545 197 DE
585 154 824 195 CORONA
863 153 1121 193 MILITIS.

1377 142 1462 188 141

116 377 225 418 cum
267 364 472 409 habitum
512 367 562 409 et
597 365 693 408 ritu
734 367 784 407 et
822 366 1049 420 apparatu
1094 360 1467 417 idolothytorum

116 443 479 490 contaminatur.

542 443 619 486 Ita
642 445 692 487 et
716 455 890 486 corona
917 439 1232 496 idolothytum
1255 438 1466 483 efficitur.

116 521 227 566 Hoc
251 520 376 565 enim
398 521 494 565 ritu
518 523 568 564 et
588 520 752 564 habitu
775 522 825 564 et
848 521 1075 576 apparatu
1101 515 1277 561 idolis¹⁷
1304 515 1468 560 immo-

123 597 248 643 latur
277 597 548 642 auctoribus
577 597 684 648 suis,
718 611 916 653 quorum
947 610 1005 640 eo
1031 593 1105 639 vel
1134 594 1335 638 maxime
1365 608 1468 650 pro-

117 675 246 733 prius
271 679 345 720 est
373 689 496 726 usus,
527 690 587 719 ne
616 675 666 719 in
697 674 1072 719 communionem
1096 673 1245 730 possit
1267 671 1467 722 admitti,

119 753 286 809 quod¹⁸
330 752 379 796 in
420 753 515 797 Dei
557 753 697 797 rebus
743 767 838 796 non
883 751 1128 795 invenitur.

1209 750 1470 806 Propterea

118 829 356 888 apostolus
385 829 617 882 inclamat,
659 830 829 887 Fugite
876 828 1202 872 idololatriam.
1268 827 1470 873 Omnem

122 907 287 964 utique
318 911 368 952 et
391 911 555 952 totam.
625 907 856 964 Recogita
880 906 1040 950 silvam
1064 908 1114 950 et
1142 906 1330 959 quantae
1364 902 1470 946 lati·
1487 915 1662 941 leor.x.14.

119 989 226 1029 tant
259 984 415 1042 spinae.
485 984 616 1028 Nihil
649 984 855 1027 dandum
889 983 1030 1034 idolo,
1063 982 1130 1026 sic
1167 996 1256 1025 nec
1288 995 1470 1025 sumen-

120 1061 233 1117 dum
262 1062 322 1106 ab
356 1061 497 1105 idolo.

563 1061 612 1106 Si
638 1061 688 1104 in
711 1060 914 1105 -idoliol9
951 1060 1227 1104 recumbere
1267 1059 1469 1102 alienum
1487 1069 1688 1095 100r-viii10.

119 1142 193 1184 est
237 1153 267 1183 a
307 1138 414 1190 fide,
459 1138 574 1194 quid
615 1138 666 1182 in
708 1138 823 1182 idoli
872 1137 1038 1181 habitu
1083 1136 1272 1181 videri?
1351 1137 1469 1188 Quae

122 1217 387 1262 communio
435 1216 622 1261 Christo
670 1220 720 1260 et
766 1216 911 1260 Beliae
927 1217 948 1260 ‘2

121 1294 341 1352 Longum
382 1293 507 1338 enim
552 1293 805 1338 divortium
848 1293 1041 1337 mandat
1087 1293 1146 1336 ab
1192 1291 1470 1341 idololatria,

122 1373 172 1416 in
222 1371 350 1416 nullo
395 1371 609 1429 proxime
661 1371 912 1429 agendum.
982 1371 1143 1414 Draco
1195 1370 1338 1414 etiam
1379 1373 1474 1413 ter-

122 1451 304 1495 renus⁹⁰
349 1449 410 1492 de
454 1448 711 1506 longinquo
757 1448 969 1493 homines
1001 1447 1189 1516 *spiritu
1235 1448 1471 1491 absorbet.

123 1566 218 1598 made
233 1575 275 1597 nn
291 1565 523 1606 idol-offering.
556 1565 623 1597 For
637 1566 700 1596 this
715 1566 765 1597 of-

123 1616 232 1656 fex-ing
256 1616 285 1647 ie
313 1616 408 1646 made
441 1616 484 1656 by
506 1625 676 1655 ceremony
702 1615 766 1646 and

123 1666 214 1698 dress
231 1666 296 1698 and
316 1666 501 1697 decoration
523 1669 559 1697 to
581 1666 664 1697 idols
691 1667 766 1696 who

124 1725 211 1748 were
231 1716 275 1748 ite
296 1717 471 1748 inventore.
509 1717 563 1748 On
583 1717 639 1747 the
658 1726 715 1747 use
733 1717 771 1746 of

125 1766 298 1804 innotare,
312 1775 366 1798 see
379 1766 432 1797 De
446 1765 558 1807 Spect.
572 1776 602 1797 e.
613 1776 660 1804 10,
674 1775 706 1798 n.
719 1775 767 1798 11.

130 1818 132 1820 ’
188 1816 216 1836 ¹³
238 1814 334 1856 quod.
383 1816 490 1847 There
517 1816 545 1846 is
572 1826 615 1846 no
643 1825 769 1846 comma

126 1867 238 1898 before
257 1866 343 1907 quod
360 1867 394 1897 in
414 1867 493 1907 Rig.
515 1876 553 1896 or
574 1866 680 1904 OehL,
704 1867 768 1896 and

126 1916 286 1958 Dodgson
312 1917 488 1956 interprete
514 1916 604 1947 ‘that
631 1916 769 1956 nothing

128 1967 240 2007 maybe
245 1966 382 1998 allowed
388 1967 440 1996 for
446 1975 593 1996 common
600 1975 657 1996 use
664 1966 769 1996 which

127 2017 156 2047 ie
169 2020 228 2048 not
240 2017 343 2047 found
358 2016 391 2046 in
407 2017 463 2047 the
476 2017 588 2055 things
611 2016 647 2045 of
669 2015 768 2046 God.'

129 2065 197 2098 But
218 2066 283 2097 thie
300 2065 410 2096 would
430 2065 560 2105 require
579 2065 770 2096 inveniatur.

130 2115 179 2147 La
197 2115 238 2148 C.
257 2116 331 2147 tells
350 2124 389 2146 us
409 2116 481 2146 that
502 2115 588 2155 quod
605 2116 632 2145 is
655 2124 675 2145 a
696 2124 770 2145 con-

125 2166 230 2208 junct.
256 2166 439 2206 answering
461 2169 497 2196 to
520 2175 567 2204 eo,
592 2167 645 2196 ‘to
664 2166 770 2196 whom

130 2217 174 2248 ite
187 2226 245 2248 use
264 2217 292 2248 is
311 2216 464 2256 peculias,
478 2225 514 2246 so
528 2217 600 2246 that
613 2217 639 2246 it
653 2218 772 2246 cannot

131 2268 173 2298 be
191 2267 349 2298 admitted
371 2269 407 2297 to
429 2276 576 2297 common
602 2276 670 2303 use,
692 2274 771 2296 even

132 2317 302 2358 especially
317 2326 360 2347 on
382 2316 447 2347 this
467 2319 616 2354 account,
636 2317 772 2346 because

131 2367 160 2398 it
175 2367 205 2398 ie
225 2370 284 2398 not
306 2366 407 2397 found
433 2365 466 2396 in
493 2367 549 2397 the
569 2366 676 2397 divine
698 2375 772 2396 eco-

133 2416 254 2456 nomy.'

197 2465 223 2485 ¹⁹
242 2465 351 2496 idolio.
394 2465 452 2496 Gr.
479 2466 514 2496 ἐν
536 2466 693 2504 εἰδωλείῳ
714 2476 773 2495 κα-

135 2516 342 2556 τακειμένου.
370 2515 472 2555 Vulg.
494 2515 532 2546 Si
548 2516 629 2546 enim
642 2516 714 2555 quie
727 2516 775 2545 vi-

135 2565 219 2597 derit
244 2575 322 2603 eum,
345 2566 402 2605 qui
428 2566 521 2596 habet
546 2565 719 2603 scientiam,
742 2566 777 2595 in

134 2615 237 2647 idolio
264 2615 493 2651 recumbentem,
516 2618 579 2645 etc.
619 2615 776 2646 Prudent.

135 2665 262 2706 -Apoth.
278 2667 351 2696 186:
372 2665 406 2695 in
420 2664 519 2695 idolio
531 2665 683 2696 recubam
697 2665 778 2695 inter

831 1575 929 1597 sacra
943 1565 1038 1596 mille.
1061 1565 1117 1595 Du
1132 1565 1237 1605 Cang.
1254 1565 1361 1596 Gloes.
1380 1565 1472 1595 ‘Ido-

832 1617 910 1648 lium
941 1619 990 1647 eet
1021 1616 1113 1646 loeus
1143 1616 1177 1646 in
1205 1625 1270 1656 qua
1295 1615 1388 1646 idolis
1415 1616 1474 1645 im-

832 1666 1025 1704 molabatur,
1038 1666 1253 1705 Idolothytum
1272 1666 1474 1697 sacrificium.

833 1717 959 1747 Idolum
968 1726 1020 1747 res
1033 1716 1104 1756 ipsa
1116 1717 1168 1747 cui
1182 1714 1385 1746 immolatur!

892 1767 920 1786 ⁹⁰
940 1766 1055 1797 Draco
1075 1770 1228 1798 terrenus.
1263 1766 1400 1797 ‘Junius
1423 1768 1474 1796 at-

834 1826 897 1856 que
911 1816 1084 1857 Rigalffius,
1098 1817 1150 1846 hic
1164 1817 1204 1846 de
1224 1817 1352 1853 Satana,
1366 1815 1420 1846 ille
1435 1816 1475 1845 de

834 1867 1074 1906 Apocalypeeos
1081 1866 1163 1905 (cap.
1172 1866 1250 1904 xiii.)
1260 1865 1363 1895 bestia
1376 1865 1478 1895 inter-

835 1919 993 1955 pretatur.
1035 1907 1102 1946 Sed
1115 1919 1203 1945 recte
1219 1915 1287 1954 jam
1302 1915 1478 1945 Rhenanus

835 1966 954 2005 aliique
980 1965 1021 1995 ad
1048 1965 1188 1995 basilisci
1215 1965 1358 1994 fabulam
1391 1965 1477 1995 hunc

832 2016 939 2046 locum
973 2016 1166 2046 retulerunt.
1211 2015 1326 2046 Isidor.
1357 2015 1475 2055 Origg.

836 2074 905 2097 xu.
920 2075 950 2103 4,
964 2068 1000 2095 6:
1021 2065 1211 2095 Basiliscus·
1225 2065 1343 2103 Graece,
1361 2066 1478 2095 Latine

836 2116 1063 2155 interpretatur
1092 2115 1230 2155 requlus,
1260 2125 1295 2145 eo
1326 2115 1412 2154 quod
1436 2116 1480 2146 sit

836 2175 893 2197 rex
907 2167 1107 2206 serpentium,
1122 2166 1201 2195 adeo
1215 2168 1250 2195 ut
1262 2175 1330 2196 eum
1342 2165 1480 2196 videntes

832 2217 975 2256 fitqiant,
989 2216 1068 2256 quia
1084 2215 1205 2255 olfactu
1228 2225 1284 2245 suo
1306 2225 1358 2246 eos
1377 2219 1477 2247 necat.

838 2267 926 2298 Nam
939 2271 968 2298 et
982 2267 1143 2304 hominem,
1156 2266 1186 2296 si
1202 2267 1251 2296 vel
1264 2267 1412 2306 aspiciat,
1428 2267 1479 2297 in-

839 2317 966 2348 terimit.
1009 2316 1172 2356 Siquidem
1196 2317 1237 2346 ab
1260 2317 1327 2354 ejus
1352 2320 1480 2355 aspectu

839 2367 930 2398 nulla
946 2367 1016 2397 avis
1034 2366 1145 2397 volans
1157 2366 1262 2397 illoesa
1275 2367 1402 2404 transit,
1415 2363 1481 2404 sed,

840 2417 983 2457 quamvis
1007 2417 1049 2447 eit
1070 2416 1197 2456 procul,
1225 2415 1291 2454 qius
1319 2426 1373 2447 ore
1401 2426 1468 2447 com

841 2468 932 2498 busta
954 2467 1134 2497 devoratur.
1178 2467 1296 2497 Horus.
1313 2467 1425 2506 Apoll.
1441 2475 1481 2498 11.

841 2526 898 2556 57:
927 2517 1050 2547 ἐκεῖνος·
1078 2516 1145 2556 γάρ
1177 2515 1237 2556 (se.
1264 2516 1481 2556 βασιλίσκος)

842 2568 921 2598 ’τοὺς
943 2566 1199 2606 πλησιάζοντας
1217 2567 1269 2606 τῷ
1283 2566 1403 2598 ἑαυτοῦ
1417 2571 1482 2607 φυ-

843 2616 972 2656 σήματι
987 2615 1143 2656 φονεύει.’
1185 2617 1312 2657 ΟΕΠῙ,.Ι

1034 1215 1100 1259 Et
1148 1215 1258 1258 ideo
1302 1213 1468 1270 fugite.
1488 1225 1665 1252 2cor.vi.15.
