1812 2956
367 199 423 244 98
726 203 1134 242 TERTULLIANI
1164 198 1342 240 LIBER

149 347 341 379 c.xvl11.
367 335 529 380 Belem
571 349 658 378 nec
695 335 945 377 draconem
981 333 1147 383 colere,
1190 332 1315 387 quod
1356 332 1502 376 multo
1536 335 1700 389 postea

151 1585 170 1609 J
172 1585 214 1609 oh.
228 1584 271 1609 xli.
285 1585 322 1610 31.

150 1614 219 1646 Eph.
232 1615 264 1640 vi.
278 1615 316 1640 12.

366 409 591 466 apparuit.
662 407 868 464 Simplex
890 407 1032 464 igitur
1055 421 1256 463 purpura
1278 406 1355 449 illa
1377 421 1463 450 nec
1478 407 1578 463 jam
1600 405 1699 463 dig-

366 486 525 530 nitatis
550 488 662 536 erat,
688 485 772 528 sed
794 483 1095 540 ingenuitatis
1116 483 1239 539 apud
1262 483 1480 526 barbaros
1502 483 1695 539 insigne.

370 562 748 615 Quodammodo⁶
773 561 895 604 enim
930 564 979 603 et
1005 561 1037 603 J
1038 559 1192 615 oseph‚
1231 560 1309 614 qui
1344 573 1500 603 servus
1530 559 1696 609 fuerat,

368 643 418 683 et
454 638 635 689 Daniel,
675 638 754 693 qui
798 652 882 694 per
919 636 1235 692 captivitatem
1275 639 1447 679 statum
1479 638 1698 685 verterat,

367 717 603 760 civitatem
631 714 932 770 Babyloniam
963 716 1013 756 et
1043 714 1297 769 AEgyptum
1327 715 1435 756 sunt
1462 710 1699 756 consecuti

366 808 450 850 per
472 792 681 836 habitum
701 790 953 834 barbaricae
975 789 1287 846 ingenuitatis.
1347 788 1422 832 Sic
1445 802 1587 845 penes
1613 801 1699 832 nos

368 884 551 925 quoque
574 868 745 919 fideles,
781 868 820 911 si
850 881 1039 911 necesse
1073 865 1227 916 fuerit,
1254 865 1428 922 poterit
1462 868 1512 909 et
1544 863 1698 921 pueris

367 949 597 1002 praetexta
632 944 838 994 concedi,
876 946 925 986 et
958 942 1145 999 puerilis
1179 942 1310 992 stola,
1349 941 1602 985 nativitatis
1632 941 1699 984 in·-

369 1022 528 1078 signia‚
553 1036 646 1064 non
668 1019 924 1077 potestatis,
953 1019 1148 1075 generis,
1173 1033 1266 1061 non
1288 1018 1487 1068 honoris,
1512 1017 1697 1068 ordinis,

368 1113 463 1142 non
499 1096 846 1154 superstitionis.
918 1096 1137 1139 Ceterum
1181 1109 1384 1151 purpura
1424 1094 1497 1138 vel
1540 1097 1699 1138 cetera

368 1175 565 1230 insignia
591 1173 870 1230 dignitatum
893 1175 942 1215 et
965 1174 1254 1233 potestatum,
1271 1171 1457 1214 insertae
1481 1170 1699 1227 dignitati
1739 1210 1741 1212 ,

370 1256 420 1295 et
442 1251 750 1307 potestatibus
779 1248 1051 1292 idololatriae
1075 1248 1134 1290 ab
1157 1247 1290 1291 initio
1314 1248 1473 1303 dicata,
1489 1247 1699 1304 profana-

367 1329 507 1371 tionis
531 1342 623 1370 suae
648 1326 891 1386 maculam}
906 1340 1012 1369 cum
1029 1327 1253 1381 praeterea
1267 1324 1376 1381 ipsis
1400 1325 1541 1368 etiam
1563 1323 1698 1368 idolis
1736 1326 1812 1367 55:213

367 1405 617 1447 induantur
647 1406 888 1459 praetextae
923 1405 973 1445 et
1010 1402 1185 1444 trabeae
1220 1405 1269 1444 et
1303 1400 1516 1453 laticlavi,
1550 1399 1699 1444 fasces

369 1496 552 1536 quoque
577 1485 626 1524 et
647 1480 789 1536 virgae
812 1479 1125 1535 praeferantur,
1155 1481 1204 1521 et
1227 1477 1409 1521 merito.
1461 1477 1586 1521 Nam
1609 1476 1700 1520 dae-

368 1557 522 1600 monia
543 1556 840 1612 magistratus
864 1558 970 1598 sunt
993 1554 1148 1597 saeculi
1169 1553 1330 1609 hujus3
1358 1553 1493 1596 unius
1515 1551 1699 1608 collegii

367 1634 565 1690 insignia
599 1633 747 1676 fasces
784 1636 834 1675 et
873 1644 1096 1687 purpuras
1142 1633 1341 1685 gestant.
1421 1628 1545 1680 Quid
1585 1642 1698 1685 ergo

366 1710 589 1767 proficies,
615 1709 653 1753 si
676 1711 899 1765 suggestu
918 1707 1104 1762 quidem
1128 1706 1283 1757 utaris,
1302 1719 1443 1761 opera
1465 1705 1564 1761 ejus
1587 1719 1696 1749 vero

425 1823 439 1842 ⁶
463 1823 708 1863 Quodammodo.
743 1821 786 1852 So
796 1822 924 1860 Gangn.
936 1820 1000 1850 and

369 1873 441 1903 Gel.
465 1873 529 1902 and
552 1873 632 1903 Cod.
660 1872 738 1911 Ag„
763 1871 935 1909 according
965 1873 999 1899 to

368 1923 578 1959 Hi1debrand,
621 1922 746 1960 though
780 1921 880 1951 Baluz
923 1919 1000 1949 read

366 1973 458 2003 there
471 1971 704 2011 quemadmodo.
742 1970 862 2000 Pamel.
887 1969 999 2008 Quem-

367 2023 542 2059 admodum,
562 2022 666 2051 which
688 2020 841 2059 certainly
861 2028 1000 2048 answers

366 2073 441 2103 well
459 2075 493 2102 to
512 2072 558 2102 sic
566 2081 580 2107 ;
600 2071 663 2100 and
686 2071 725 2100 he
745 2070 772 2099 is
788 2068 938 2099 followed
958 2069 1000 2107 by

367 2123 443 2161 Rig.
471 2122 534 2151 and
558 2120 652 2151 Oehl.
693 2120 759 2149 But
786 2128 821 2148 as
848 2117 999 2157 quodam-

366 2172 457 2202 modo
470 2172 497 2200 is
511 2171 565 2200 the
586 2169 713 2199 ancient
734 2169 876 2206 reading,
890 2168 953 2197 and
973 2167 1000 2196 is

366 2221 567 2261 inteffigiffle,
581 2220 599 2248 1
611 2218 714 2248 retain
727 2218 765 2248 it.

427 2271 439 2291 ⁷
461 2281 498 2300 ex
503 2270 626 2309 forma.
663 2267 797 2297 ‘Forma
812 2266 898 2304 apud
919 2266 999 2304 Sep-

366 2321 491 2351 timium
500 2326 641 2358 persaepe
651 2319 698 2346 est
707 2315 823 2352 modus,
835 2315 894 2351 lex,
902 2315 998 2344 ratio.

367 2369 524 2408 Exempla
548 2370 624 2397 sunt
650 2366 791 2404 Apolog.
816 2374 844 2394 c.
863 2374 897 2395 2:
924 2363 1000 2393 Sus-

361 2423 457 2459 pecta
477 2419 519 2448 sit
545 2416 632 2446 vobis
653 2416 717 2445 ista
733 2414 936 2453 perversitas,
963 2422 1000 2442 ne

366 2479 432 2509 qua
444 2469 492 2498 vis
502 2469 599 2498 lateat
612 2467 646 2495 in
657 2465 787 2501 occulto,
797 2473 863 2503 quae
875 2472 930 2492 vos
943 2463 1000 2491 ad-

366 2529 472 2549 versus
489 2519 643 2557 sormam,
672 2515 821 2545 adversus
853 2516 1000 2543 naturam

357 2568 539 2605 jndicandi,
554 2570 663 2597 contra
680 2565 768 2604 ipsas
781 2572 900 2603 quoque
919 2563 1000 2601 leqes

366 2618 529 2647 ministret.
570 2615 651 2645 lbid.
674 2624 705 2645 vc.
731 2622 765 2653 7:
794 2622 862 2643 cum
887 2613 936 2642 vel
961 2621 999 2641 ez·

357 2666 471 2705 forma
479 2665 618 2696 omnibus
626 2663 781 2703 mysteriis
794 2661 910 2694 silentii
913 2660 999 2700 fides

1066 1820 1224 1850 debeatur.
1265 1819 1349 1849 Ibid.
1370 1827 1398 1850 c.
1421 1826 1477 1858 4¹7:
1496 1817 1582 1857 quod
1596 1826 1700 1849 rerum

1058 1869 1172 1908 forma
1190 1878 1252 1898 non
1264 1869 1405 1899 sustinet.
1444 1868 1498 1898 Ad
1511 1867 1603 1898 Natt.
1618 1876 1642 1898 1.
1660 1876 1678 1900 a
1691 1877 1701 1900 t

1067 1921 1177 1949 contra
1185 1918 1328 1956 sormam
1340 1917 1588 1955 judicandorum
1599 1917 1700 1947 malo-

1067 1977 1136 1997 rum
1148 1967 1316 2005 judicatis.
1357 1967 1440 1997 lbid.
1462 1975 1486 1996 1.
1511 1974 1544 2005 7:
1563 1976 1632 1996 cum
1652 1966 1701 1997 vel

1067 2027 1105 2048 ex
1114 2017 1227 2056 jbrma
1245 2026 1284 2047 ac
1305 2017 1370 2055 leqe
1388 2016 1522 2046 omnium
1538 2016 1699 2054 mysterio-

1067 2076 1137 2096 rum
1154 2066 1270 2096 silemtii
1277 2066 1364 2104 fides
1377 2065 1537 2096 debeatur.
1577 2064 1660 2096 Ibid.
1675 2073 1700 2096 ι.

1067 2126 1085 2154 9
1099 2126 1108 2145 z
1131 2115 1195 2146 Sed
1206 2115 1285 2154 quid
1297 2124 1352 2154 eqo
1373 2115 1469 2144 mirer
1485 2123 1570 2144 vana
1585 2116 1699 2151 vestra,

1067 2174 1135 2195 cum
1148 2175 1185 2194 ex
1190 2165 1305 2203 forma
1317 2164 1460 2194 naturali
1473 2166 1700 2202 concorporata

1067 2218 1096 2244 et
1110 2217 1253 2244 concreta
1262 2213 1434 2243 intercessit
1445 2213 1571 2243 malitia
1580 2216 1609 2242 et
1619 2212 1698 2243 etul-

1067 2263 1141 2293 tz'tc’a
1172 2263 1228 2293 sub
1261 2262 1363 2292 eodem
1396 2262 1537 2301 mancipe
1570 2261 1697 2292 erroris.

1067 2313 1151 2342 Ibid.
1171 2321 1211 2342 11.
1233 2322 1266 2350 3:
1290 2311 1384 2350 Quod
1404 2312 1433 2341 si
1453 2311 1502 2341 ita
1527 2314 1582 2348 est,
1604 2311 1699 2341 etiam

1067 2362 1218 2391 mortalia
1239 2361 1302 2390 sint
1323 2370 1441 2391 necesse
1461 2363 1516 2397 est,
1535 2359 1699 2390 secundum

1068 2411 1217 2440 animalis
1232 2410 1384 2450 fhrmam.
1437 2409 1489 2439 De
1517 2409 1607 2440 Test.
1631 2409 1698 2440 An.

1068 2470 1095 2490 c.
1109 2469 1142 2496 4:
1161 2459 1346 2489 Omittamus
1354 2468 1434 2489 nunc
1442 2459 1616 2489 naturalem
1619 2458 1698 2497 for-

1066 2519 1147 2539 mam
1162 2509 1289 2539 timendi
1302 2509 1447 2539 mortem-³
1482 2509 1594 2539 omn..

1127 2560 1140 2578 ⁸
1159 2559 1322 2598 inqlorius.
1361 2559 1420 2588 See
1434 2559 1573 2588 Pearson
1586 2566 1627 2587 on
1642 2558 1697 2588 the

1069 2609 1182 2645 Creed,
1197 2609 1272 2639 Vol.
1288 2617 1326 2638 11.
1345 2611 1421 2638 note
1435 2607 1504 2646 (y),
1517 2616 1559 2637 on
1581 2616 1615 2645 p.
1630 2608 1695 2644 15⁶·

1067 2659 1121 2689 An
1134 2659 1324 2698 interesting
1337 2660 1412 2688 note
1424 2658 1458 2687 in
1474 2657 1551 2688 Oxf.
1568 2655 1697 2686 Tranul.
