1812 2956
514 198 602 235 DE
633 196 1064 236 SPEG'TAG'ULIS.

115 326 271 383 dunt⁸,
293 342 355 372 ex
386 327 604 385 operibus
628 328 722 372 Dei
746 330 975 372 constant.

113 405 254 458 ferro,
307 420 501 457 veneno,
553 406 748 463 magicis
799 405 1192 450 devinctionibus⁹

1440 191 1466 233 5

1265 405 1425 462 perfici
1440 404 1464 448 P

116 483 236 529 Tam
266 483 444 527 ferrum
479 483 574 528 Dei
613 498 689 528 res
726 486 813 534 est,
840 498 979 538 quam
1015 482 1186 534 herbae,
1211 498 1350 539 quam
1386 497 1466 526 an-

113 559 222 618 geli.

290 560 534 616 Numquid
572 564 732 604 tamen
772 560 820 603 in
858 560 1058 605 hominis
1095 575 1262 604 necem
1298 563 1466 604 auctor

114 637 206 684 ista
238 638 480 696 providit?
549 638 731 694 Atquin
762 654 949 683 omnem
983 639 1224 683 homicidii
1259 637 1465 696 speciem

114 731 209 761 uno
237 719 287 761 et
313 716 557 774 principali
579 721 816 774 praecepto
840 717 1093 761 interimit:
1116 716 1228 761 Non
1263 717 1463 762 occides.
1483 733 1569 759 ama.
1582 740 1624 759 xx.
1638 733 1676 759 13.

115 794 323 841 Proinde
333 796 365 823 ¹⁰
398 809 576 846 aurum,
612 809 688 846 aes,
729 798 993 851 argentum,
1032 794 1161 846 ebur,
1190 795 1382 852 lignum,
1415 798 1466 839 et

116 886 405 928 quaecunque
427 872 711 916 fabricandis
732 871 868 915 idolis
889 871 1087 915 materia
1110 875 1339 928 captatur,
1362 872 1466 928 quis

115 947 168 993 in
190 948 361 993 saeculo
383 949 552 1006 posuit,
575 948 663 992 nisi
693 949 850 993 saeculi
882 952 1047 993 auctor
1078 949 1247 993 Deus?

1317 949 1465 992 Num-

117 1026 231 1083 quid
269 1029 431 1070 tamen
470 1029 526 1070 ut
569 1026 671 1070 haec
710 1026 931 1071 adversus
974 1027 1126 1083 ipsum
1169 1026 1425 1071 adorentur
1440 1027 1463 1071 P

113 1103 297 1160 Atquin
333 1119 513 1149 summa
553 1105 729 1149 offensa
759 1119 904 1162 penes
926 1104 1055 1149 illum
1088 1104 1353 1149 idololatria
1376 1108 1461 1148 est.

118 1181 246 1234 Quid
275 1196 370 1226 non
405 1181 499 1226 Dei
533 1185 606 1226 est
639 1182 765 1237 quod
794 1182 951 1226 Deum
979 1182 1213 1226 offendit?
1243 1182 1327 1226 sed
1356 1196 1464 1226 cum

113 1259 324 1310 offendit,
366 1259 461 1303 Dei
501 1274 603 1303 esse
638 1259 792 1310 desiit,
835 1263 886 1303 et
920 1274 1026 1303 cum
1061 1259 1213 1313 desiit,
1251 1259 1461 1303 offendit.

113 1337 222 1394 Ipse
244 1337 402 1388 homo,
420 1337 627 1381 omnium
650 1336 934 1393 flagitiorum
957 1340 1135 1388 auctor,
1158 1352 1254 1381 non
1277 1340 1462 1381 tantum

113 1426 230 1469 opus
251 1411 358 1463 Dei,
382 1426 543 1456 verum
565 1411 708 1455 etiam
731 1410 891 1468 imago
916 1415 1000 1466 est,
1024 1415 1074 1456 et
1096 1415 1256 1456 tamen
1288 1415 1338 1457 et
1362 1427 1462 1456 cor-
1479 1427 1546 1455 Gen.
1561 1428 1577 1454 i.
1589 1429 1627 1457 27.

111 1505 227 1549 pore
250 1493 302 1545 et
331 1477 502 1548 ⁴:spiritu
536 1489 732 1534 descivit
763 1504 791 1533 a
824 1504 908 1533 suo
943 1489 1227 1534 institutore.

1290 1490 1460 1546 Neque

113 1566 239 1613 enim
293 1567 452 1612 oculos
497 1567 560 1611 ad
609 1567 1036 1624 concupiscentiam
1087 1568 1364 1625 sumpsimus
1410 1572 1461 1612 et

110 1643 317 1704 linguam
340 1646 403 1690 ad
424 1645 741 1702 maliloquium
770 1649 820 1690 et
852 1660 989 1690 aures
1013 1645 1086 1689 ad-
1102 1645 1460 1703 exceptaculum

109 1752 239 1784 beneen
252 1755 288 1784 to
307 1753 395 1784 what
415 1762 472 1784 nse
492 1753 567 1794 they
587 1762 671 1784 were
691 1754 750 1783 not

110 1802 226 1834 made!
268 1803 335 1833 But
360 1812 383 1833 a
404 1812 465 1843 quo
493 1812 643 1834 conversa
662 1804 750 1832 must

109 1861 204 1883 mem
233 1853 295 1893 ‘by
313 1853 420 1883 whom
450 1853 527 1892 they
558 1854 638 1883 have
667 1853 749 1882 been

110 1903 256 1943 changed
261 1903 284 1941 ς’
293 1903 348 1934 the
356 1902 426 1934 first
434 1906 583 1934 sentence
592 1903 751 1941 referring

110 1955 147 1984 to
157 1953 364 1984 instinctorem
376 1955 405 1983 et
415 1953 680 1992 interpolatorem,
693 1953 749 1983 the

111 2002 228 2032 second
247 2005 283 2032 to
303 2002 514 2041 corruptelam
536 2006 566 2032 et
586 2002 751 2042 inteqrita-

110 2055 180 2083 teu.
226 2052 296 2083 The
328 2053 458 2083 ancient
491 2052 627 2092 reading
661 2052 750 2092 gives

108 2111 130 2134 α
142 2102 330 2143 sufficiently
343 2103 429 2133 clear
441 2112 541 2133 sense.
570 2103 646 2132 ‘We
665 2108 750 2133 must

109 2151 256 2183 considu-
265 2155 323 2182 not
332 2152 405 2192 only
415 2152 456 2192 by
471 2153 576 2182 whom
587 2152 631 2182 all
641 2152 751 2192 things

109 2202 193 2233 have
206 2202 288 2232 been
308 2202 414 2240 made,
428 2202 487 2232 but
501 2202 568 2232 also
588 2203 630 2242 by
643 2202 750 2232 whom

109 2252 186 2294 they
198 2253 278 2283 have
287 2253 368 2283 been
380 2253 558 2292 perverted.
593 2252 658 2283 For
673 2253 750 2283 then

109 2303 176 2334 vm
189 2303 217 2334 it
228 2303 270 2334 be
282 2303 367 2333 clear
383 2303 426 2343 by
439 2303 546 2334 whose
555 2312 666 2343 power
676 2304 751 2343 they

109 2352 191 2384 have
203 2352 284 2384 been
298 2353 400 2391 made,
414 2353 507 2383 when
521 2353 548 2383 it
563 2353 590 2383 is
604 2354 689 2384 clear
709 2354 751 2393 by

110 2402 221 2434 whose
247 2412 358 2443 power
380 2403 457 2442 they
477 2403 557 2433 have
584 2406 642 2434 not
668 2404 750 2433 been

109 2452 226 2484 mado:
268 2454 383 2492 Comp.
407 2453 460 2482 De
485 2453 575 2484 Cult.
598 2453 700 2484 Foem.
724 2461 747 2485 1.

111 2505 148 2535 8:
171 2503 250 2544 quia
271 2504 373 2534 aemuli
386 2504 449 2535 tint
471 2513 592 2535 necesse
605 2509 660 2545 eet,
682 2515 750 2545 quoe

110 2553 178 2584 Dei
190 2563 252 2584 non
263 2557 345 2585 eunt.

169 2604 184 2625 ¹¹
202 2604 442 2644 “prohiberem
451 2604 631 2644 defendunt,
650 2606 660 2622 ‘
670 2604 749 2635 both

111 2655 254 2696 prohibit
280 2654 339 2695 (by
361 2654 440 2695 law)
462 2656 526 2685 and
550 2656 668 2686 defend
691 2656 750 2696 (by

111 2705 317 2746 argument).’
342 2705 501 2746 Dodgson
514 2706 686 2737 translates
699 2706 751 2737 de-

808 1753 958 1793 fendunt,
973 1753 1094 1792 ‘guard
1107 1752 1257 1793 against!
1290 1752 1360 1783 The
1375 1753 1459 1783 anti-

818 1803 918 1833 thesis
946 1813 1048 1834 seems
1075 1813 1164 1834 more
1188 1803 1222 1833 in
1251 1803 1461 1834 Tertullian’s

818 1862 962 1883 manner.
1194 1847 1197 1850 ¹

879 1903 894 1923 ⁹
924 1903 1180 1935 devinctionibus.
1233 1903 1383 1935 ‘Colvius
1405 1903 1459 1934 Ad

819 1953 919 1992 Apul.
936 1954 1018 1984 Met.
1042 1962 1065 1983 1.
1080 1956 1110 1992 6,
1124 1957 1307 1984 correxerat
1327 1953 1461 1993 maqicis

819 2004 1033 2035 devotionibus
1060 2004 1147 2043 quod
1174 2004 1366 2042 improbavit
1389 2004 1459 2043 jam

819 2054 1079 2094 Oudendorpius.
1132 2054 1361 2084 Devinctiones
1394 2063 1461 2084 ma-

817 2105 898 2144 gicae
918 2107 1002 2142 sunt,
1018 2103 1225 2142 καταδέσεις,
1241 2104 1459 2143 καταδεσμοὶ.

818 2155 902 2185 Vide
931 2154 970 2184 de
995 2154 1044 2184 his
1070 2154 1264 2193 interpretes
1295 2154 1336 2184 ad
1361 2154 1456 2194 Virg.

818 2204 887 2235 Ecl.
904 2213 979 2234 vm.
1001 2204 1064 2244 77.'
1105 2203 1204 2235 Oehl.

881 2253 907 2273 ¹⁰
922 2254 1059 2294 proinde
1079 2254 1132 2284 for
1148 2254 1295 2293 perinde.
1336 2254 1460 2293 Below,

819 2314 846 2335 c.
863 2313 892 2344 7,
898 2304 1036 2344 proinde
1050 2308 1230 2344 apparatus
1237 2314 1252 2341 ;
1274 2314 1301 2335 c.
1319 2313 1366 2344 27,
1377 2315 1458 2344 pro-

819 2355 892 2385 inde
906 2355 986 2385 habe
999 2365 1039 2385 αι·
1051 2356 1081 2385 εἰ
1090 2364 1104 2391 ,·
1126 2355 1178 2385 De
1195 2355 1280 2385 1d01.
1294 2364 1322 2385 c.
1339 2365 1365 2392 1,
1377 2365 1459 2394 pro-

818 2405 891 2435 inde
904 2405 1061 2444 disposita
1072 2417 1085 2442 ‚·
1108 2405 1160 2435 De
1176 2405 1251 2436 Cor.
1270 2415 1298 2436 c.
1315 2415 1361 2442 12,
1376 2415 1460 2445 pro-

818 2455 892 2485 inde
912 2456 1001 2486 miles
1027 2465 1067 2486 ac
1093 2464 1224 2492 cervum
1258 2456 1402 2495 Apolog.
1431 2466 1460 2487 c.

822 2516 869 2545 13,
884 2506 966 2536 oedes
978 2505 1125 2545 proinde,
1138 2515 1218 2536 arae
1226 2506 1364 2545 proinde
1370 2515 1385 2543 ;
1407 2506 1460 2537 De

820 2557 896 2588 Cor.
913 2566 941 2588 c.
964 2567 1011 2594 10,
1021 2556 1160 2595 proinde
1181 2557 1229 2586 uti
1250 2566 1288 2586 ea
1307 2566 1350 2595 re,
1365 2560 1460 2597 atque

816 2607 870 2643 ei;
892 2607 943 2637 De
970 2606 1060 2637 Cult.
1085 2606 1187 2637 Foem.
1212 2615 1253 2638 11.
1277 2617 1306 2646 9,
1321 2608 1461 2647 proinde

818 2657 906 2687 vobis
922 2656 1069 2687 curanda
1086 2659 1141 2687 est.
1185 2657 1224 2686 In
1238 2657 1294 2687 the
1311 2660 1378 2688 two
1397 2658 1460 2689 last

819 2707 927 2748 places
945 2707 1027 2738 Cod.
1044 2707 1111 2747 Ag.
1127 2707 1184 2738 has
1194 2707 1340 2748 perinde.

1046 326 1131 371 Vis
1160 326 1463 371 homicidium
1503 334 1605 366 cAP.
1620 334 1668 365 11.
