1812 2956
434 178 521 216 DE
562 177 676 217 COR
687 177 808 217 ΟΝΑ
846 171 1115 215 MILITI'S.
1363 170 1447 214 143

97 305 291 352 rationis
313 305 574 363 patrocinio
602 305 770 349 fultam
798 305 1061 362 probemus,
1093 303 1261 360 quod²³
1286 307 1447 362 posset
1482 318 1583 350 CAP.
1600 319 1646 350 x.

97 383 284 428 habitus
315 383 581 441 hujusmodi
617 398 803 440 quoque
848 382 1163 427 communioni
1207 382 1445 434 vindicari,

99 444 222 506 sient
256 464 308 506 et
345 461 588 517 quidam²⁴‚
627 475 825 518 quorum
867 460 1082 517 exempla
1118 461 1253 504 nobis
1294 461 1449 517 objec-

98 542 274 584 tantur.
326 538 553 584 *Etenim
574 543 628 584 ut
648 539 796 597 ipsam
820 553 1007 583 causam
1028 553 1214 582 coronae
1236 538 1449 582 militaris

99 616 361 674 aggrediar,
390 620 506 674 puto
534 618 661 674 prius
688 616 1070 673 conquirendum,
1098 631 1158 659 an
1192 617 1241 659 in
1270 618 1449 660 totum1

103 693 376 739 Christianis
410 694 577 739 militia
610 688 869 740 conveniat.
942 694 1091 746 Quale
1131 698 1205 738 est
1245 694 1451 750 alioquin

101 771 163 814 de
198 771 520 816 accidentibus
554 775 826 823 retractare,
862 786 970 816 cum
1009 787 1038 815 a
1077 765 1451 828 praecedentibus

102 848 239 906 culpa
278 849 378 892 sit?
448 849 753 894 Credimusne
792 849 1046 892 humanum
1086 851 1453 894 sacramentum²

102 927 259 971 divino
284 927 558 985 superduci³
583 928 738 979 licere,
767 931 818 972 et
846 928 895 970 in
924 927 1066 971 alium
1106 927 1348 970 dominum
1381 941 1453 971 re-

102 1004 357 1061 spondere⁴
402 1008 510 1062 post
555 1005 804 1056 Christum,
851 1007 902 1048 et
935 1005 1114 1061 ejerare
1156 1006 1362 1061 patrem⁵
1402 1008 1453 1049 et

101 1083 301 1125 matrem
323 1084 374 1126 et
397 1096 584 1126 omnem
609 1082 886 1139 proximum,
920 1097 1036 1138 quos
1061 1085 1111 1126 et
1133 1082 1213 1125 lex
1234 1081 1454 1125 honorari
1470 1100 1556 1125 Exod.
1571 1106 1612 1124 xx.
1622 1099 1659 1124 12.

102 1161 154 1203 et
174 1162 283 1216 post
306 1159 464 1203 Deum
487 1159 619 1217 diligi
642 1160 878 1217 praecepit,
909 1175 1026 1216 quos
1054 1163 1104 1204 et
1132 1159 1451 1216 Evangelium‚

103 1233 203 1278 solo
233 1233 420 1279 Christo
449 1234 592 1291 pluris
625 1250 721 1278 non
749 1235 939 1286 faciens,
965 1235 1031 1279 sic
1067 1237 1276 1290 quoque⁶
1306 1234 1453 1278 hono-
1470 1249 1633 1277 mmmm

102 1311 261 1356 ravit?
329 1311 517 1356 Licebit
544 1312 593 1356 in
620 1312 778 1370 gladio
807 1312 1082 1363 conversari,
1115 1312 1322 1356 Domino
1348 1327 1453 1370 pro·
1470 1325 1672 1351 matt-xxvi.⁵2-

103 1389 350 1434 nuntiante
378 1389 538 1447 gladio
565 1391 827 1448 periturum
857 1390 937 1446 qui
958 1390 1116 1448 gladio
1139 1391 1283 1435 fuerit
1306 1391 1453 1435 usus?

105 1467 171 1511 Et
199 1467 360 1525 praelio
390 1469 661 1526 operabitur
690 1468 809 1512 filius
837 1467 1008 1538 pacis'¹‚¹
1040 1469 1116 1513 cui
1149 1483 1238 1513 nec
1266 1469 1453 1526 litigare
1470 1481 1643 1540 {agg-3937·

105 1544 352 1590 conveniet
365 1546 390 1589 ‘t'
457 1546 523 1590 Et
555 1546 740 1590 vincula
776 1550 827 1591 et
863 1560 1100 1590 carcerem
1137 1551 1187 1590 et
1217 1550 1455 1591 tormenta

106 1625 156 1666 et
184 1622 410 1679 supplicia
438 1623 821 1676 administrabit8,
851 1638 939 1668 nec
971 1639 1159 1668 suarum
1185 1624 1311 1668 ultor
1338 1625 1454 1682 inju-
1471 1638 1553 1695 {zom-
1567 1637 1611 1662 xii·
1625 1637 1664 1662 19·

1538 1668 1606 1693 ι..
1635 1685 1642 1692 .

105 1699 317 1744 riarum?
383 1700 494 1745 Jam
528 1705 578 1745 et
610 1701 859 1746 stationes⁹
896 1704 979 1745 aut
1015 1701 1094 1744 alii
1130 1702 1280 1759 magis
1310 1703 1455 1747 faciet
1499 1669 1537 1695 Pe
1570 1675 1597 1694 m
1619 1669 1634 1694 9

1487 547 1587 579 CAP.
1606 547 1669 577 XI.

104 1827 200 1859 oeque
225 1828 309 1850 meos
330 1820 473 1852 cariores
497 1820 628 1858 habebo,
652 1831 748 1862 quam

110 1867 224 1900 Caium
238 1871 269 1900 et
279 1878 404 1900 sorores
414 1870 494 1909 qius.
512 1871 642 1903 Ari-ian.
655 1882 682 1902 1.
695 1882 747 1910 14:

107 1919 160 1959 τῷ
173 1918 238 1960 θεῷ
250 1918 316 1950 ἔδει
331 1921 387 1951 καὶ
398 1921 483 1960 ἡμᾶς
501 1921 632 1960 ὀμνύειν
649 1922 748 1961 ὅρκον

107 1967 177 2000 οἷον
191 1970 406 2009 στρατιῶται
419 1972 469 2011 τῷ
486 1971 646 2010 Καίσαρι·
668 1971 750 2003 ἀλλ’

106 2018 231 2050 ἐκεῖνος
243 2019 304 2058 μὲν
321 2019 546 2060 μισθοφορίαν
560 2021 750 2060 λαμβάνον-

51 2099 59 2106 ,
106 2080 165 2100 ‘res-
185 2068 344 2109 ὀμνύουσι
363 2070 503 2102 πάντων
527 2070 753 2111 προ-τιμήσειν

107 2118 172 2156 τήν
183 2118 247 2150 τοῦ
259 2120 431 2159 Καίσαρος
444 2121 627 2159 σωτηρίαν.

169 2167 185 2187 ⁶
211 2170 260 2200 nic
283 2180 415 2210 quoque.
457 2171 547 2202 ‘Hoc
572 2175 632 2209 est,
657 2181 751 2203 evan-

109 2217 230 2258 gelium
246 2228 311 2250 non
334 2220 440 2251 minus
462 2225 612 2261 parentes
632 2225 665 2253 et
681 2231 749 2252 om-

110 2277 185 2300 nem
205 2270 387 2309 proximum
414 2271 566 2302 honorari
587 2273 751 2312 praecepit,

110 2328 208 2359 quam
220 2319 294 2360 lege
307 2321 450 2352 Mosaica
462 2323 685 2362 praescriptum
698 2323 750 2353 fu-

111 2371 191 2400 erat.
231 2368 363 2401 Etenim
383 2371 437 2402 lex
449 2382 504 2403 eos
519 2373 664 2412 proxime
677 2375 752 2412 post

110 2419 232 2456 Deum,
266 2422 467 2461 evangelium
499 2423 644 2462 proxime
677 2426 752 2463 post

115 2469 280 2501 christum
291 2471 448 2503 honorare
459 2473 638 2513 paecepit?
659 2473 744 2504 Bm.

173 2519 295 2560 ''filiue
308 2522 417 2560 pacis.
443 2523 524 2554 Luc.
538 2533 568 2553 x.
585 2526 624 2554 6:
645 2523 663 2554 ὁ
686 2523 753 2555 υἱὸς

114 2569 253 2610 εἰρήνης.
293 2571 345 2602 De
360 2572 470 2612 Spect.
484 2583 513 2605 c.
527 2577 575 2614 16,
590 2583 623 2604 n.
639 2583 669 2614 7.

174 2619 189 2639 ⁰
227 2620 276 2652 Et
307 2622 435 2653 vincula
445 2645 505 2655 .....
506 2623 753 2657 administrabit.

116 2669 232 2711 Comp.
246 2671 299 2704 De
312 2672 396 2704 Idol.
412 2682 439 2706 c.
456 2681 502 2715 17,
516 2674 576 2705 sub
589 2674 644 2707 fin.

875 1821 889 1839 ⁹
906 1821 1067 1852 stationes.
1116 1821 1304 1852 ‘Moreover
1325 1822 1392 1852 will
1416 1823 1457 1853 he

814 1871 898 1910 keep
910 1871 1005 1911 vigile
1026 1872 1129 1902 either
1148 1872 1199 1901 for
1221 1872 1358 1902 another
1377 1872 1457 1902 than

818 1921 938 1960 Christ,
963 1930 1000 1950 or
1022 1930 1062 1950 on
1085 1922 1142 1951 the
1167 1921 1284 1951 Lord's
1307 1922 1368 1961 day
1390 1925 1458 1959 too,

816 1971 911 2001 when
932 1971 972 2001 he
993 1971 1070 2001 does
1090 1973 1148 2001 not
1166 1971 1249 2010 keep
1268 1971 1357 2001 them
1379 1980 1458 2001 even

816 2021 868 2051 for
884 2021 993 2051 Christ
1001 2020 1028 2051 ?²
1051 2020 1166 2058 Statio,
1176 2021 1346 2061 originally
1359 2022 1459 2051 ‘mili-

817 2073 888 2111 tary
911 2070 1042 2102 watch.'
1083 2071 1195 2101 Hence
1212 2071 1278 2103 ¹the
1304 2071 1399 2110 vigile
1425 2072 1462 2102 of

817 2122 873 2152 the
889 2122 1030 2160 Church‚
1044 2122 1204 2152 stationes.
1238 2122 1291 2152 De
1313 2123 1406 2152 Orat.
1429 2132 1459 2153 c.

819 2182 858 2210 14
871 2172 983 2211 (Oehl.
1004 2172 1073 2210 19):
1099 2172 1138 2203 Si
1156 2173 1253 2202 statio
1272 2172 1310 2202 de
1323 2173 1460 2204 militari

817 2223 956 2262 exemplo
976 2232 1084 2252 nomen
1106 2223 1228 2262 accepit
1248 2223 1334 2261 (nam
1355 2226 1384 2253 et
1403 2224 1461 2253 mi-

816 2273 891 2303 litia
926 2273 993 2303 Dei
1017 2272 1146 2311 sumus)
1180 2282 1250 2311 sqq.
1302 2272 1462 2303 Stationes

818 2332 904 2354 were
924 2323 980 2354 the
993 2323 1123 2363 regular
1142 2323 1237 2363 vigila
1257 2323 1332 2353 held
1348 2333 1390 2353 on
1404 2324 1462 2354 the

818 2377 938 2414 quarta
965 2375 1028 2404 and
1051 2377 1142 2404 sexta
1158 2373 1266 2413 feria,
1290 2374 1462 2413 (Wednes-

819 2425 880 2464 day
892 2425 956 2454 and
970 2424 1099 2464 Friday)
1114 2425 1258 2464 opposed
1278 2428 1313 2454 to
1328 2425 1385 2454 the
1405 2433 1461 2454 ex·

818 2475 1019 2514 traordinary
1038 2475 1118 2504 fasta
1137 2475 1271 2514 (jejunia
1286 2474 1462 2514 indictiva).

820 2524 890 2554 The
909 2524 974 2554 fast
1000 2533 1066 2554 was
1095 2527 1153 2554 not
1179 2525 1302 2554 broken
1328 2524 1381 2554 till
1406 2525 1463 2555 the

819 2574 913 2604 ninth
939 2574 1031 2604 honr.
1076 2573 1214 2605 Tertull.
1244 2573 1377 2604 defends
1406 2574 1463 2605 the

820 2624 1029 2654 Montanistic
1046 2624 1136 2661 fasta,
1155 2623 1206 2653 De
1229 2623 1337 2663 Jejun.
1357 2633 1384 2654 c.
1409 2634 1462 2655 10:

820 2674 973 2715 Namque
985 2674 1135 2706 stationes
1155 2677 1290 2712 nostras,
1303 2677 1338 2706 ut
1355 2673 1463 2714 indiq-
