1812 2956
463 167 552 204 DE
593 166 836 206 CORONA
871 169 987 206 M'IL
1002 169 1144 208 ITIS'.

1401 165 1484 207 155

239 298 396 345 Tanto
418 301 588 354 abest¹‚
607 306 661 346 ut
679 302 822 359 capiti
845 317 931 347 suo
953 318 1122 347 munus
1145 303 1319 347 inferat
1340 303 1487 349 idolo·
1526 315 1682 348 0.x1v.

137 377 304 430 latriae,
337 378 494 424 imm,
510 380 613 436 jam
652 380 852 423 dixerim
891 380 1095 433 Christo,
1133 381 1365 437 siquidem
1400 382 1485 426 viri
1504 398 1543 424 ro
1559 406 1650 424 crown

137 459 282 514 eaput
305 456 517 502 Christus
551 462 637 509 est,
662 461 760 501 tam
791 458 991 502 liberum
1015 473 1155 513 quam
1185 462 1235 503 et
1259 459 1484 512 Christus,

135 548 198 579 ne
241 533 506 580 velamento
553 535 742 591 quidem
792 536 1037 587 obnoxius,
1085 537 1260 581 nedum
1310 538 1486 595 obliga-
1503 553 1616 608 grman.

136 615 311 656 mento.

374 613 525 657 Porro
557 618 607 658 et
644 614 772 669 quod
806 614 1063 658 obnoxium
1095 620 1169 658 est
1202 615 1483 669 velamento,

1503 430 1550 455 the
1561 430 1632 455 head
1642 430 1665 456 is
1675 431 1706 455 to

1504 461 1654 486 dishonour

1504 491 1602 522 Christ,
1614 491 1675 516 who
1685 491 1710 515 is

1503 522 1550 547 the
1564 524 1626 547 true
1637 522 1710 547 head

1526 583 1593 608 hrist
1603 589 1657 608 was

1503 614 1629 639 crowned
1644 613 1710 638 with

1503 644 1607 670 thorus.
1636 644 1710 669 'rhat

1502 682 1592 700 erown
1603 675 1683 700 alone

137 693 281 747 eaput
305 690 506 743 feminee,
536 691 628 735 hoe
662 692 763 748 ipso
789 692 891 748 jam
915 696 1197 749 occupatum
1230 708 1324 737 non
1349 698 1486 738 vacat
1503 706 1632 731 befltshis

137 768 282 812 etiam
316 768 649 825 obligamento.

136 860 245 889 nam
251 847 281 889 ².

1503 736 1648 761 members.

713 769 875 813 Habet
909 769 1186 814 humilitatis
1217 785 1313 814 suae
1348 771 1486 815 sarci·
1502 773 1640 831 {onoma
1655 774 1699 799 3-

353 845 403 890 Si
441 847 570 891 nudo
609 847 765 904 capite
799 847 948 891 videri
985 863 1080 891 non
1112 848 1259 892 debet
1292 853 1486 905 propter

136 923 342 981 angelos,
375 924 525 968 multo
560 925 708 981 magis
739 928 965 968 coronato
997 925 1197 969 fortasse
1232 919 1347 970 tune
1382 926 1486 970 illos
1504 947 1636 980 Ap00‚1v.

136 1005 385 1046 coronatos
409 1001 804 1046 scandalizaverit.
863 1002 990 1054 Quid
1014 1002 1139 1046 enim
1163 1006 1237 1047 est
1258 1004 1307 1046 in
1332 1004 1488 1060 eapite

133 1079 322 1124 feminae
349 1093 536 1131 corona,
571 1081 734 1135 quam³
763 1080 927 1123 formae
963 1079 1083 1131 lena,
1118 1095 1257 1136 quam
1295 1096 1488 1124 summae

134 1156 332 1201 laseiviae
359 1161 487 1209 nota,
512 1162 727 1202 extrema
762 1158 953 1214 negatio
981 1158 1290 1209 verecundiae,
1321 1160 1490 1202 confla-

135 1234 205 1279 tio
238 1234 510 1280 illecebrae?
578 1235 839 1292 Propterea
862 1250 950 1279 nec
981 1236 1225 1279 ornabitur
1248 1237 1488 1292 operosius
1505 1254 1602 1280 mim.
1614 1254 1640 1279 ii.
1654 1255 1676 1280 9.

134 1312 302 1357 mulier
319 1327 381 1357 ex
400 1313 600 1371 apostoli
617 1316 882 1370 prospectu,
898 1317 952 1356 ut
966 1327 1053 1357 nec
1075 1313 1272 1357 erinium
1288 1314 1487 1358 artifieio

137 1395 402 1436 coronetur.
473 1391 567 1444 Qui
595 1395 754 1435 tamen
779 1395 829 1435 et
851 1391 938 1434 viri
963 1395 1105 1448 caput
1128 1395 1202 1435 est
1225 1395 1276 1436 et
1297 1392 1485 1436 feminee

134 1469 293 1520 facies,
318 1469 388 1513 vir
422 1469 643 1520 ecelesiae,
679 1468 890 1512 Christus
921 1469 954 1513 J
955 1483 1073 1520 esus,
1111 1469 1261 1524 quale,
1298 1484 1382 1513 oro
1418 1474 1482 1521 te,
1504 1477 1677 1503 200‘·x1·2·

138 1595 182 1620 vr.
209 1597 282 1619 101:
318 1587 437 1618 Prima
466 1587 534 1617 dies
560 1587 628 1625 tibi,
658 1586 779 1625 Carna,

133 1638 243 1670 datur.
277 1637 354 1669 Dea
374 1637 518 1669 cardinis
540 1637 605 1668 haee
625 1640 680 1671 est,
705 1636 778 1667 Nu-

134 1689 217 1720 mine
242 1689 355 1720 clausa
377 1688 493 1728 aperit,
519 1688 643 1718 claudit
663 1691 778 1727 aperta

133 1748 203 1770 suo.

195 1788 259 1820 Ch.
285 1788 384 1820 XIV.
425 1787 435 1807 ¹
462 1788 564 1819 Tanto
597 1788 694 1825 abest,
726 1787 778 1817 for

135 1841 257 1870 tantvm
268 1839 366 1869 abest.
398 1838 451 1868 De
466 1838 556 1869 Test.
570 1838 681 1869 Anim.
695 1847 723 1868 c.
742 1847 755 1866 1
769 1848 777 1868 z

141 1889 243 1920 Tanto
256 1889 352 1926 abest,
364 1891 399 1918 ut
410 1888 526 1918 nostris
545 1888 660 1918 litteris
677 1898 778 1918 annu-

136 1943 194 1970 ant
207 1939 353 1970 homines.
395 1938 448 1968 De
461 1938 546 1977 Fug.
556 1939 590 1967 in
603 1938 729 1968 Persec.
747 1948 775 1968 c.

135 1999 153 2023 2
166 2001 176 2021 ι
196 1992 283 2020 tanto
297 1989 393 2026 abest,
405 1992 440 2019 ut
453 1997 522 2018 eam
535 1998 573 2019 ez·
581 1989 779 2027 proprietate

129 2039 305 2081 possideat.
333 2038 430 2070 Oehl.
445 2048 600 2078 supposes
611 2048 652 2068 an
666 2039 779 2078 ellipse

137 2091 175 2121 of
189 2090 304 2130 maqt's.
344 2089 412 2119 But
438 2089 494 2119 the
521 2089 585 2119 abl.
613 2098 715 2119 seems
743 2092 778 2118 to

135 2141 229 2171 mark
250 2140 306 2170 the
327 2139 474 2176 interval,
496 2148 531 2168 as
556 2142 643 2168 tanto
668 2138 778 2175 distat,

135 2191 246 2222 rather
258 2190 336 2221 than
351 2193 385 2220 to
399 2189 499 2229 imply
507 2198 569 2229 any
579 2189 780 2228 comparison

137 2242 175 2272 of
185 2241 340 2272 distance.
383 2241 392 2257 ‘
402 2241 444 2270 So
457 2240 526 2277 far,’
544 2242 602 2269 not
616 2241 625 2255 ‘
635 2249 670 2269 so
685 2239 780 2269 much

136 2290 284 2323 fax-ther?
318 2291 372 2322 On
394 2290 451 2320 the
472 2290 585 2329 ellipse
608 2290 646 2319 of
669 2289 782 2329 maqis,

138 2350 192 2372 see
205 2341 258 2372 De
271 2340 418 2381 Spectae.
434 2350 463 2372 c.
480 2343 527 2378 16,
541 2349 574 2371 n.
589 2342 618 2372 8.

196 2389 212 2409 ⁹
236 2391 426 2421 humilitatis
456 2399 522 2420 suoe
552 2390 724 2421 sarcinam.
767 2399 781 2420 1

140 2440 217 2471 Cor.
245 2440 288 2470 xi.
316 2442 414 2470 8—10
439 2440 466 2470 is
489 2440 652 2470 diseussed
675 2441 706 2470 in
732 2439 783 2470 De

141 2490 236 2521 Orat.
251 2499 278 2519 e.
296 2499 344 2526 22,
358 2490 422 2519 and
437 2490 489 2520 De
508 2490 601 2529 Virg.
617 2490 691 2521 Vel.
709 2500 736 2520 c.
753 2499 782 2529 7.

139 2540 181 2571 In
202 2540 258 2570 the
275 2539 374 2570 latter
398 2539 553 2579 ἐξουσίαν
576 2540 602 2569 is
627 2540 784 2570 rendered

133 2592 322 2630 potestatem
330 2589 467 2619 without
475 2589 602 2620 further
611 2593 784 2620 comment.

139 2639 189 2670 Ias
204 2639 309 2670 Cerda
324 2639 468 2669 remarks
484 2639 557 2669 that
576 2640 707 2670 sarcina
727 2640 786 2669 im-

141 2689 224 2730 plies
238 2690 294 2720 the
306 2698 393 2720 same
407 2698 443 2719 as
463 2689 613 2729 ἐξουσία,
631 2699 668 2720 or
681 2693 788 2729 potes-

845 1590 906 1624 tas,
929 1587 1019 1626 ‘quae
1042 1586 1163 1617 seilicet
1190 1587 1367 1626 imponitur
1393 1598 1492 1628 supra

846 1640 953 1676 eaput,
980 1637 1142 1676 habetque
1167 1637 1269 1667 veluti
1295 1641 1492 1677 potestatem

845 1686 982 1726 eogendi
995 1687 1159 1717 foeminam
1171 1688 1211 1717 ad
1223 1689 1408 1718 servandam
1424 1699 1493 1719 mo-

845 1737 991 1774 destiam,
1005 1737 1217 1776 dejiciendum
1233 1741 1339 1776 eaput,
1354 1740 1493 1769 submit-

845 1787 961 1817 tendos
993 1786 1126 1816 oculos.’
1167 1787 1220 1817 De
1244 1787 1336 1826 Virg.
1359 1789 1432 1819 Vel.
1460 1798 1491 1820 c.

847 1845 904 1875 17:
925 1836 1011 1867 Alioe
1030 1837 1150 1867 modice
1171 1837 1318 1875 linteolis,
1340 1838 1433 1868 credo
1454 1848 1492 1869 ne

845 1889 942 1924 caput
955 1889 1114 1924 premant,
1135 1895 1190 1916 nec
1214 1886 1259 1915 ad
1280 1896 1374 1917 aures
1396 1898 1493 1927 usque

845 1935 997 1972 demissis,
1023 1936 1148 1966 cerebro
1177 1939 1265 1965 tenus
1297 1938 1492 1976 operiuntur.

848 1985 918 2015 The
932 1985 993 2015 veil
1005 1986 1033 2015 is
1047 1986 1149 2015 called
1167 1987 1208 2025 by
1226 1986 1363 2016 Tertull.
1375 1987 1493 2027 juqum

846 2035 1058 2073 subjectionis,
1091 2037 1133 2075 by
1167 2036 1333 2075 Chrysost.
1370 2037 1492 2077 insiqne

847 2086 1054 2123 subjectionis,
1077 2087 1118 2125 by
1147 2086 1249 2128 Cone.
1279 2087 1405 2127 Gangr.
1432 2098 1493 2118 me-

848 2136 952 2166 moria
965 2135 1176 2173 subjectionis.
1216 2136 1297 2167 Illos
1312 2141 1491 2176 coronatos,

849 2186 998 2225 alluding
1015 2190 1050 2215 to
1065 2186 1146 2215 Rev.
1162 2186 1204 2216 iv.
1219 2195 1249 2223 4,
1268 2187 1382 2216 ‘much
1403 2197 1493 2219 more

849 2237 878 2266 if
889 2237 947 2266 her
960 2237 1042 2266 head
1057 2236 1084 2265 is
1098 2237 1250 2266 crowned
1265 2237 1332 2266 will
1347 2238 1403 2267 she
1417 2238 1494 2277 give

850 2287 974 2317 offenee
989 2290 1023 2316 to
1038 2286 1131 2316 those
1144 2286 1218 2316 who
1239 2296 1292 2317 are
1299 2288 1446 2327 thaps
1460 2291 1495 2319 at

850 2338 923 2367 that
937 2346 1011 2377 very
1023 2341 1167 2367 moment
1185 2338 1337 2368 crowned
1350 2338 1383 2368 in
1398 2347 1418 2368 a
1431 2339 1495 2368 dif-

851 2388 958 2418 ferent
972 2387 1126 2419 manner.’

906 2437 920 2456 ³
933 2437 1022 2477 Quid
1030 2438 1256 2477 enim...quam,
1266 2447 1307 2468 se.
1319 2439 1398 2478 quid
1404 2439 1499 2470 aliud

853 2497 958 2527 quam.
999 2482 1147 2517 De'ldol.
1163 2497 1189 2517 c.
1206 2498 1260 2518 20:
1274 2489 1355 2528 quid
1369 2490 1430 2520 erit
1442 2490 1498 2520 cle-

845 2538 969 2576 jeratio
983 2547 1088 2577 quam.
1131 2538 1182 2568 De
1198 2538 1291 2578 Virg.
1306 2539 1380 2570 Vel.
1395 2549 1423 2570 e.
1443 2550 1475 2570 11
1490 2551 1498 2571 :

854 2588 936 2618 nihil
943 2588 1083 2626 primum
1093 2591 1252 2619 senserunt
1265 2598 1360 2628 quam
1374 2591 1500 2620 erubes-

856 2638 994 2669 cendum.
1018 2638 1119 2678 Apul.
1135 2639 1215 2670 Met.
1235 2647 1280 2670 xv.
1292 2642 1325 2670 6:
1340 2639 1502 2678 necjuzta

855 2688 1038 2729 quidquam,
1053 2698 1160 2728 quam.

1505 1286 1520 1310 1
1531 1285 1591 1311 Pet.
1605 1286 1642 1311 iii.
1655 1286 1679 1311 3.

1505 1508 1575 1539 Eph.
1585 1515 1611 1533 v.
1624 1509 1663 1538 23,

1505 1545 1564 1570 ΜΝ·
