1812 2956
355 174 443 219 136
708 179 1116 222 TERTU'LLIAN'I
1153 180 1343 223 LIBER

142 320 338 354 CARVHI.
358 314 575 358 umbrans
607 315 919 371 corruptelam
947 316 1236 368 conditionis,
1270 332 1361 372 qua
1388 317 1597 373 subjecta
1617 316 1690 359 est

139 400 216 427 Rom.
230 402 280 428 viii
294 402 334 428 20.
358 391 584 434 vanitati9.
655 391 866 435 Dicimus
901 393 1025 436 enim
1056 408 1112 437 ea
1141 394 1327 437 demum
1359 397 1408 437 et
1438 392 1607 438 nostris
1638 390 1689 436 et

356 468 667 524 superioribus
699 469 857 513 usibus
895 473 945 513 et
980 469 1074 513 Dei
1112 470 1250 514 rebus
1290 474 1340 513 et
1375 469 1463 526 ipsi
1502 468 1687 513 Christo

356 545 632 602 competisse
667 560 767 601 quae
800 561 951 590 meras
984 547 1210 591 utilitates
1245 551 1295 591 et
1329 550 1458 591 certa
1484 545 1689 590 subsidia

355 625 406 664 et
450 621 646 665 honesta
685 621 850 665 solatia
888 622 1158 666 necessariis
1193 622 1546 666 necessitatibus
1579 621 1687 665 vitae

354 699 566 742 humanae
597 702 859 755 procurant,
889 703 943 743 ut
971 700 1030 742 ab
1065 700 1165 756 ipso
1199 700 1305 742 Deo
1336 699 1558 756 inspirata
1590 710 1690 742 ‘cre-

355 776 536 826 dantur,
561 776 714 832 priore
736 779 1035 833 prospectore
1068 780 1117 820 et
1146 776 1426 820 instructore
1455 778 1506 820 et
1536 774 1689 820 oblec-

353 856 522 904 tatore,
537 853 575 896 si
592 852 767 903 forte¹⁰‚
782 853 978 896 hominis
997 853 1079 905 sui,
1097 868 1196 908 quae
1213 867 1323 896 vero
1339 852 1462 896 hunc
1478 851 1688 895 ordinem

355 934 668 981 excesserunt,
693 945 749 973 ea
777 945 870 973 non
902 931 1148 974 convenire
1177 931 1334 974 usibus
1361 930 1543 981 nostris,
1573 943 1688 986 prae-

355 1007 515 1050 sertim
553 1022 654 1062 quae
692 1011 939 1063 propterea
972 1007 1148 1050 scilicet
1185 1021 1272 1050 nec
1306 1007 1430 1063 apud
1469 1006 1687 1050 saeculum

353 1099 441 1128 nec
475 1084 523 1126 in
554 1084 647 1127 Dei
677 1084 815 1128 rebus
853 1098 939 1127 nec
973 1083 1021 1126 in
1056 1078 1478 1127 conversationibus
1515 1083 1687 1127 Christi

353 1162 625 1217 recognosci
646 1164 730 1205 est.

143 1246 241 1277 CAP.
261 1246 324 1277 IX.
455 1237 569 1289 Quis
604 1238 803 1292 denique
834 1238 1131 1294 patriarches,
1163 1238 1264 1293 quis
1294 1237 1556 1295 prophetes,
1585 1237 1687 1293 quis

133 1301 303 1393 ἓξὲξ
353 1313 542 1357 Levites
577 1318 659 1357 aut
689 1314 906 1358 sacerdos
940 1319 1022 1358 aut
1051 1314 1258 1366 arch0n1,
1292 1315 1392 1370 quis
1423 1315 1496 1359 vel
1524 1317 1688 1371 postea

133 1392 335 1454 gffiffiggsgg&
354 1391 588 1447 apostolus
615 1395 697 1435 aut
727 1392 1066 1448 evangelizator
1088 1395 1170 1436 aut
1194 1392 1434 1449 episcopus
1456 1391 1687 1436 invenitur

134 1460 165 1477 or
176 1453 292 1483 apostles
304 1462 310 1482 ;

133 1483 247 1508 anatho
353 1471 600 1511 coronatus
614 1468 638 1511 ?
684 1468 810 1512 Puto
830 1483 917 1512 nec
938 1469 1088 1525 ipsum
1106 1469 1199 1512 Dei
1221 1468 1446 1525 templum
1468 1483 1556 1512 nec
1578 1482 1687 1512 arca

134 1519 222 1538 crown
234 1513 263 1538 of

134 1543 224 1598 {3333}
234 1550 315 1598 {3³⁸³
352 1545 622 1588 testamenti
650 1559 737 1588 nec
771 1545 1120 1589 tabernaculum
1149 1546 1382 1602 martyrii²
1416 1560 1503 1590 nec
1540 1545 1686 1590 altare

134 1604 237 1631 thoi-ns,
250 1604 307 1629 and

134 1634 188 1658 this
198 1634 264 1658 used
275 1634 304 1658 in
353 1636 440 1664 nec
477 1621 816 1672 candelabrum,
847 1621 1011 1676 quibus
1039 1622 1200 1677 utique
1230 1626 1280 1666 et
1306 1623 1354 1666 in
1384 1623 1532 1679 prima
1559 1622 1687 1667 dedi-

134 1664 244 1689 mocker
273 1665 290 1688 b

135 1671 317 1749 gfffifflyffi·
354 1698 549 1742 cationis
592 1697 900 1742 sollemnitate
946 1702 995 1741 et
1040 1699 1088 1740 in
1134 1699 1337 1742 secunda
1380 1699 1686 1744 restitutionis

353 1774 664 1831 gratulatione
700 1775 999 1831 competisset
1033 1776 1257 1826 coronari,
1291 1776 1329 1819 si
1357 1776 1548 1832 dignum
1579 1777 1686 1821 Deo

355 1854 494 1894 esset.
545 1850 725 1905 Atquin
755 1850 794 1894 si
825 1850 984 1907 figurae
1015 1854 1186 1894 nostrae
1215 1851 1404 1894 fuerunt
1435 1853 1535 1907 (nos
1562 1852 1685 1896 enim

135 1940 151 1964 1
163 1939 222 1964 σοι
234 1939 268 1965 iii·
280 1940 317 1966 1⁷-
355 1942 511 1972 sumus
529 1930 579 1971 et
598 1927 771 1983 templa
789 1927 882 1970 Dei
905 1930 955 1970 et
971 1926 1135 1970 altaria
1153 1930 1202 1971 et
1218 1927 1459 1971 luminaria
1482 1932 1531 1972 et
1547 1930 1684 1986 vasa),

135 1970 297 2025 {35⁶³}ss
354 2004 442 2047 hoe
483 2018 666 2059 quoque
712 2004 909 2060 figurate
954 2004 1308 2060 portendebant,
1346 2004 1555 2048 homines
1592 2005 1686 2049 Dei

351 2120 574 2157 Romanorum,
580 2130 657 2159 quos
659 2120 807 2159 passivos
816 2119 986 2159 appellant,
1050 2120 1138 2150 what
1146 2120 1173 2149 is
1183 2122 1240 2150 not
1253 2119 1420 2158 agreeable
1434 2123 1467 2151 to
1476 2129 1597 2159 reason,
1610 2122 1621 2138 ‘
1629 2121 1686 2152 bs-

352 2170 408 2208 qui
416 2179 541 2199 annona
550 2170 738 2209 quotidiana
745 2170 863 2200 satiato
872 2174 985 2208 ventre,
1051 2180 1144 2200 cause
1165 2179 1341 2209 vagueness
1362 2171 1492 2200 deludes
1509 2180 1548 2200 us
1566 2172 1608 2210 by
1623 2171 1686 2201 dis·

351 2223 408 2249 ant
430 2219 548 2250 donant
566 2219 673 2249 statim
694 2219 779 2258 quod
804 2222 910 2255 restat,
931 2223 987 2249 aut
1051 2221 1181 2260 guising
1199 2221 1255 2250 the
1277 2221 1459 2258 corruption
1483 2221 1519 2250 of
1535 2220 1685 2258 creation,

344 2269 530 2308 projiciunt.
573 2269 685 2307 Comp.
706 2269 759 2299 Ad
773 2269 864 2300 Natt.
888 2277 928 2299 11.
951 2279 986 2299 1:
1050 2269 1083 2298 in
1105 2272 1231 2308 respect
1254 2269 1290 2298 of
1306 2269 1348 2298 its
1369 2269 1486 2309 having
1499 2270 1580 2300 been
1593 2270 1685 2301 made

352 2318 417 2348 Sed
425 2318 558 2358 passiva
571 2322 599 2348 et
609 2318 808 2357 municipalis
821 2318 985 2356 adoptatio
1050 2318 1173 2357 subject
1186 2321 1220 2348 to
1233 2318 1361 2357 vanity.’

350 2371 403 2399 est.
444 2369 588 2408 Denique
609 2368 697 2407 apud
710 2368 916 2406 philosophos
935 2368 985 2398 in-
1110 2367 1124 2386 ⁹
1142 2368 1277 2405 subjecta
1285 2368 1480 2399 estuanitati.
1508 2369 1567 2399 See
1577 2369 1686 2408 above,

351 2421 436 2448 certa
447 2419 523 2457 quia
533 2418 628 2448 varia
635 2428 650 2454 ,·
665 2418 753 2457 apud
758 2421 871 2456 poetas
880 2418 986 2447 omnia
1050 2425 1077 2448 c.
1092 2420 1120 2447 6.

350 2468 493 2507 indigna,
508 2469 585 2507 quia
598 2468 707 2506 turpia
715 2477 730 2504 ;
753 2467 843 2506 apud
849 2467 986 2506 populos
1116 2465 1142 2484 ¹⁰
1161 2466 1296 2505 sijbrte.
1335 2467 1394 2496 See
1407 2467 1518 2504 above,
1532 2477 1560 2498 c.
1571 2475 1600 2506 5,
1616 2477 1646 2499 n.
1655 2471 1685 2500 6.

344 2519 479 2555 passiva
518 2518 632 2554 omnia,
675 2517 752 2556 quia
792 2517 982 2547 voluntaria.
1113 2515 1171 2546 Ch.
1194 2516 1256 2545 IX.
1303 2515 1314 2533 ¹
1335 2516 1464 2547 archon.
1502 2525 1546 2547 sc.
1572 2516 1686 2557 ἅρχων

351 2566 555 2605 Community
579 2566 614 2595 of
632 2575 687 2596 use
705 2568 791 2595 must
804 2566 843 2595 be
863 2565 986 2595 limited
1051 2567 1112 2601 τῆς
1153 2566 1359 2604 συναγωγῆς,
1401 2565 1492 2595 Luke
1528 2565 1592 2595 viii.
1635 2575 1683 2602 41.

348 2614 390 2655 by
417 2616 471 2646 the
496 2616 681 2646 distinction
708 2616 744 2646 of
764 2616 852 2646 what
874 2616 902 2645 is
922 2616 985 2646 and
1052 2614 1128 2645 Joh.
1158 2614 1200 2645 iii.
1224 2626 1247 2653 1,
1274 2615 1387 2655 ἄρχων
1413 2617 1481 2646 τῶν
1507 2615 1684 2647 Ἰουδαίων.
