1812 2956
493 194 581 231 DE
617 193 1055 233 SPEGTAG'ULIS.
1405 189 1463 233 33

112 329 187 370 est
225 325 293 369 illi
332 327 548 383 praetor³:
590 341 774 383 semper
815 326 938 370 oculi
975 326 1023 369 in
1063 341 1180 370 urna
1221 326 1320 384 ejus
1356 341 1463 370 cum
1507 337 1544 369 c.
1560 337 1657 370 XVI.

110 403 315 448 sortibus
337 403 633 447 volutantur:
670 404 839 448 dehinc
875 404 937 447 ad
970 404 1155 462 signum
1189 404 1317 448 anxii
1351 419 1463 462 pen-

110 481 253 526 dent:
291 481 427 525 unius
451 482 701 525 dementiae
724 496 817 525 una
839 496 931 525 vox
955 485 1039 525 est.
1113 482 1357 540 Cognosce
1383 483 1463 527 de-

109 558 335 603 mentiam
370 558 430 602 de
463 559 683 602 vanitate.
746 559 914 610 Misit⁴,
948 560 1123 611 dicunt,
1161 563 1210 603 et
1244 561 1463 605 nuntiant

107 636 308 680 invicem
341 636 469 692 quod
499 636 635 680 simul
666 637 725 679 ab
757 637 970 680 omnibus
994 638 1141 681 visum
1165 642 1250 682 est.
1299 639 1462 683 Teneo

108 714 430 758 testimonium
453 715 706 759 caecitatis:
736 730 831 758 non
854 714 1015 758 vident
1038 715 1229 758 missum
1253 715 1364 771 quid
1386 716 1459 759 sit.

107 791 331 849 Mappam
363 794 546 848 putant,
583 792 668 835 sed
703 796 775 835 est
810 792 984 835 diaboli
1024 793 1084 835 ab
1120 792 1216 836 alto
1251 793 1461 855 praecipi·

108 869 199 913 tati
229 869 414 926 figura⁵.
483 870 560 912 Ex
595 884 652 913 eo
691 870 850 925 itaque
890 870 986 912 itur
1019 869 1068 911 in
1101 868 1246 913 furias
1281 873 1331 912 et
1366 870 1460 912 ani-

108 961 210 991 mos
251 950 302 990 et
341 946 632 998 discordias⁶‚
669 950 719 990 et
761 947 981 1002 quicquid
1022 962 1116 990 non
1155 947 1269 991 licet
1310 962 1459 991 sacer-

108 1023 298 1068 dotibus
328 1023 491 1081 pacis⁷.
561 1024 679 1068 Inde
704 1024 967 1075 maledicta,
993 1024 1201 1068 convicia
1235 1024 1334 1068 sine
1360 1025 1459 1081 jus-

106 1102 214 1146 titia
237 1102 345 1154 odii,
375 1102 517 1146 etiam
541 1103 760 1159 suffragia
783 1103 881 1146 sine
905 1103 1074 1146 merito
1098 1103 1281 1147 amoris.
1332 1103 1459 1155 Quid

107 1179 232 1224 enim
266 1194 401 1223 suum
425 1179 722 1223 consecuturi
746 1183 854 1222 sunt
879 1179 958 1234 qui
980 1179 1073 1222 illic
1098 1183 1258 1236 agunt,
1284 1180 1363 1234 qui
1388 1180 1459 1222 sui

107 1271 202 1300 non
231 1257 377 1300 sunt?
416 1256 505 1300 nisi
532 1257 655 1299 forte
684 1256 774 1300 hoc
806 1257 967 1307 solum,
998 1272 1083 1313 per
1107 1257 1235 1312 quod
1263 1257 1334 1300 sui
1364 1272 1460 1300 non

107 1337 246 1378 sunt:
281 1333 341 1377 de
365 1333 516 1376 aliena
538 1333 813 1377 infelicitate
847 1335 1195 1385 contristantur,
1221 1334 1281 1378 de
1310 1334 1461 1378 aliena

106 1410 334 1454 felicitate
356 1410 587 1454 laetantur.
643 1411 878 1466 Quicquid
902 1415 1079 1467 optant,
1106 1412 1327 1467 quicquid
1350 1413 1461 1455 abo-

107 1489 355 1539 minantur,
381 1492 658 1531 extraneum
682 1488 741 1530 ab
765 1488 853 1532 illis
878 1493 976 1534 est:
997 1490 1079 1532 'ita
1103 1493 1152 1533 et
1176 1505 1306 1533 amor
1334 1490 1460 1547 apud

106 1566 209 1612 illos
244 1567 422 1611 otiosus
446 1570 497 1610 et
520 1567 680 1610 odium
708 1566 944 1623 injustum.
1015 1568 1080 1611 Et
1102 1568 1324 1612 forsitans
1359 1568 1459 1612 sine

104 1697 270 1737 sponsione
303 1706 494 1737 provocare,
527 1697 557 1728 ei
595 1698 749 1737 prasinus

99 1748 262 1789 proximis
288 1748 490 1779 Circensibus
508 1749 651 1788 primam
667 1749 747 1788 pal-

105 1807 190 1828 mam
202 1798 363 1838 (tulerit).

171 1847 186 1866 ⁸
199 1851 330 1888 praetor.
351 1848 411 1878 See
424 1857 444 1878 a
457 1848 542 1878 vivid
552 1847 748 1888 description

107 1898 144 1935 of
161 1898 215 1929 the
236 1898 430 1928 excitement
444 1898 481 1928 of
498 1908 518 1928 a
538 1898 748 1928 chariat-rane

105 1948 139 1978 in
151 1947 246 1986 Ovid,
255 1947 368 1978 Amor.
384 1956 438 1978 111.
453 1958 481 1984 2,
491 1951 539 1987 65,
553 1957 634 1987 sqq.:
652 1948 749 1978 Max-

105 1999 173 2029 ima
190 1998 263 2037 jam
289 2007 390 2029 vacuo
416 2002 541 2037 proetor
567 1999 750 2038 spectacula

109 2047 205 2080 Circo
221 2048 437 2088 Quadrijuqes
445 2058 532 2088 (equo
546 2058 656 2079 carcer
665 2049 750 2079 misit

106 2109 211 2140 equot-
257 2098 320 2130 C'm‘
332 2099 472 2138 studeas,
487 2099 577 2129 video
592 2102 657 2129 etc.

166 2149 179 2168 ⁴
199 2149 295 2187 mieit,
306 2159 353 2180 sc.
363 2159 522 2189 mappam.
545 2150 642 2179 Mart.
653 2149 749 2188 Epig.

106 2208 174 2231 xn.
189 2210 246 2238 29:
271 2199 432 2231 Cretatam
441 2203 563 2239 praetor
577 2209 646 2230 cum
659 2199 750 2229 vellet

104 2250 226 2281 mittere
248 2259 407 2290 mappam,
430 2250 574 2280 Proetori
601 2259 750 2288 mappam

103 2301 232 2340 surpuit
238 2300 461 2340 Hermoqenes.
478 2299 568 2330 Suet.
577 2300 654 2330 Ner.
662 2310 689 2329 c.
700 2310 748 2331 22.

105 2350 240 2386 Ennius.
265 2351 385 2391 quoted
403 2351 445 2391 by
459 2351 591 2380 Panvin.
610 2351 650 2380 de
666 2350 749 2381 Lud.

107 2402 270 2434 circeum:
303 2402 494 2442 Expectant,
519 2402 615 2432 velut-2·
643 2402 751 2432 consul

105 2462 199 2492 quum
204 2452 453 2492 mitterem‘qnum
459 2452 541 2490 Vult,
547 2461 651 2482 omnes
659 2452 751 2482 avidi

104 2505 269 2542 expectant
280 2501 326 2532 ad
337 2501 477 2532 carceris
487 2511 572 2538 oras,
591 2501 665 2540 Qua
678 2511 750 2531 mox

104 2553 226 2583 emittat
234 2553 339 2591 pictos
346 2551 542 2591 exsaucibu'
556 2561 679 2589 currus,
696 2551 751 2582 Sic

106 2603 292 2642 expectabat
300 2602 441 2642 populus
448 2606 543 2642 atque
552 2612 610 2637 ora
620 2602 749 2632 tenebat.

168 2653 182 2671 ⁶
191 2653 317 2692 fiqura.
362 2652 439 2691 Rig.
467 2652 551 2682 from
577 2652 657 2683 cod.
684 2654 750 2691 Ag.

111 2702 200 2743 qula,
227 2702 325 2742 ‘gula
351 2701 480 2739 diaboli,
502 2701 527 2732 i.
542 2711 569 2732 e.
594 2702 751 2740 diabolus,

819 1699 873 1738 qui
896 1701 985 1729 totus
1007 1699 1095 1738 gula,
1117 1701 1205 1730 totns
1228 1709 1350 1740 gurges
1370 1702 1461 1730 totus

818 1758 938 1788 vorago
962 1750 1156 1789 expanditur
1178 1753 1212 1780 et
1233 1750 1313 1780 furit
1337 1750 1458 1780 effusus

818 1802 890 1829 toto
926 1800 1021 1830 Circo
1063 1803 1096 1830 et
1130 1801 1220 1831 saevit
1252 1800 1462 1831 immaniter!

818 1849 899 1880 Rm.
940 1850 1055 1888 Comp.
1077 1851 1189 1890 Scorp.
1208 1860 1235 1880 c.
1256 1854 1294 1881 6:
1323 1851 1462 1881 evulsum

819 1899 971 1929 hominem
986 1900 1024 1930 de
1043 1890 1166 1930 diciboli
1186 1901 1265 1940 qula
1278 1901 1461 1940 perfidem.

818 1947 958 1986 Fiqura,
974 1947 1030 1977 the
1053 1947 1189 1986 reading
1209 1948 1246 1977 of
1265 1948 1320 1977 the
1339 1950 1406 1978 rest
1427 1948 1464 1978 of

818 1997 875 2027 the
885 1997 979 2027 MSS.
997 1997 1024 2026 is
1035 1997 1153 2028 better.

879 2046 894 2064 ⁶
914 2047 1103 2077 discordias.
1147 2047 1320 2077 Panvinius
1344 2051 1461 2087 quotes

818 2095 940 2127 Paulus
961 2097 1055 2128 Diae.
1070 2097 1103 2127 in
1121 2098 1177 2128 vit.
1194 2098 1328 2129 Phocae:
1351 2098 1461 2136 Hujus

819 2151 955 2186 tempore
970 2148 1108 2177 Prasim‘
1129 2151 1158 2178 et
1179 2148 1286 2178 Veneti
1304 2158 1366 2188 per
1383 2148 1460 2179 Ori-

819 2202 915 2228 entem
929 2201 959 2227 et
966 2198 1143 2237 AEqyptum
1152 2198 1244 2229 civile
1254 2198 1365 2228 bellum
1370 2199 1462 2238 fice-

819 2252 904 2286 runt,
911 2259 951 2279 ac
964 2258 996 2279 se
1005 2252 1113 2278 mutua
1121 2249 1205 2279 coede
1211 2252 1460 2288 prostraverunt.

879 2298 893 2319 ⁷
912 2299 1129 2329 sacerdotibus
1137 2299 1244 2338 pacis,
1261 2300 1408 2339 alluding
1426 2304 1462 2331 to

819 2349 875 2379 the
899 2349 1063 2379 universal
1086 2349 1272 2388 priesthood
1292 2350 1330 2379 of
1349 2350 1462 2380 Chris-

819 2401 914 2430 tians.
967 2400 1084 2438 Comp.
1115 2409 1128 2428 1
1153 2400 1223 2430 Pet.
1249 2400 1282 2430 ii.
1311 2410 1349 2438 9;
1379 2399 1462 2432 Rev.

819 2451 840 2480 i.
858 2454 886 2487 6,
901 2450 965 2479 and
979 2460 1006 2479 v.
1025 2459 1072 2479 10.
1109 2449 1152 2479 So
1165 2449 1271 2479 below
1284 2451 1412 2488 sanctis,
1427 2459 1462 2480 as

818 2500 911 2539 ἅγιοι
923 2500 973 2529 for
984 2499 1162 2530 Christiana
1177 2499 1209 2529 in
1219 2500 1360 2538 general.
1383 2500 1462 2530 This

820 2560 886 2580 was
908 2549 1042 2579 insisted
1063 2549 1125 2579 and
1146 2550 1300 2589 enlarged
1315 2559 1402 2589 upon
1418 2552 1460 2590 by

822 2601 876 2631 the
888 2600 1094 2630 Montanists.
1121 2600 1172 2630 De
1183 2600 1259 2630 Cor.
1270 2610 1297 2630 c.
1310 2610 1342 2629 11
1351 2623 1358 2634 .
1365 2601 1462 2640 filius

815 2651 922 2690 pacis.

882 2700 894 2718 ⁸
913 2700 961 2731 Et
988 2700 1145 2741 forsitan.
1191 2700 1271 2732 Cod,
1301 2701 1367 2741 Ag.
1395 2702 1460 2732 and
