<?xml version="1.0" encoding="UTF-8"?>
<!DOCTYPE html PUBLIC "-//W3C//DTD XHTML 1.0 Transitional//EN"
    "http://www.w3.org/TR/xhtml1/DTD/xhtml1-transitional.dtd">
<html xmlns="http://www.w3.org/1999/xhtml" xml:lang="en" lang="en">
 <head>
  <title>
</title>
<meta http-equiv="Content-Type" content="text/html;charset=utf-8" />
  <meta name='ocr-system' content='tesseract 3.04.00' />
  <meta name='ocr-capabilities' content='ocr_page ocr_carea ocr_par ocr_line ocrx_word'/>
</head>
<body>
  <div class='ocr_page' id='page_1' title='image "./libritresdespect00tertuoft/libritresdespect00tertuoft_0111.png"; bbox 0 0 1812 2956; ppageno 0'>
   <div class='ocr_carea' id='block_1_1' title="bbox 0 0 348 87">
    <p class='ocr_par' dir='ltr' id='par_1_1' title="bbox 0 0 348 87">
     <span class='ocr_line' id='line_1_1' title="bbox 0 0 348 87; baseline 0 2869"><span class='ocrx_word' id='word_1_1' title='bbox 0 0 348 87; x_wconf 95' lang='lat' dir='ltr'><strong> </strong></span> 
     </span>
    </p>
   </div>
   <div class='ocr_carea' id='block_1_2' title="bbox 545 175 1093 214">
    <p class='ocr_par' dir='ltr' id='par_1_2' title="bbox 545 175 1093 214">
     <span class='ocr_line' id='line_1_2' title="bbox 545 175 1093 214; baseline -0.004 0"><span class='ocrx_word' id='word_1_2' title='bbox 545 177 632 214; x_wconf 85' lang='lat' dir='ltr'><strong>DE</strong></span> <span class='ocrx_word' id='word_1_3' title='bbox 663 175 1093 214; x_wconf 74' lang='lat' dir='ltr'><strong><em>SPECTAOULIS.</em></strong></span> 
     </span>
    </p>
   </div>
   <div class='ocr_carea' id='block_1_3' title="bbox 1443 168 1497 210">
    <p class='ocr_par' dir='ltr' id='par_1_3' title="bbox 1443 168 1497 210">
     <span class='ocr_line' id='line_1_3' title="bbox 1443 168 1497 210; baseline 0.019 -1"><span class='ocrx_word' id='word_1_4' title='bbox 1443 168 1497 210; x_wconf 88' lang='lat'><strong>53</strong></span> 
     </span>
    </p>
   </div>
   <div class='ocr_carea' id='block_1_4' title="bbox 146 302 1498 438">
    <p class='ocr_par' dir='ltr' id='par_1_4' title="bbox 146 302 1498 438">
     <span class='ocr_line' id='line_1_4' title="bbox 149 302 1498 366; baseline -0.005 -13"><span class='ocrx_word' id='word_1_5' title='bbox 149 311 311 354; x_wconf 79' lang='lat' dir='ltr'><strong>centes</strong></span> <span class='ocrx_word' id='word_1_6' title='bbox 354 308 691 366; x_wconf 84' lang='lat' dir='ltr'><strong>surripuerunt,</strong></span> <span class='ocrx_word' id='word_1_7' title='bbox 733 311 788 351; x_wconf 93' lang='lat' dir='ltr'><strong>ut</strong></span> <span class='ocrx_word' id='word_1_8' title='bbox 825 305 1136 351; x_wconf 82' lang='lat' dir='ltr'><strong>resurrexisse</strong></span> <span class='ocrx_word' id='word_1_9' title='bbox 1183 305 1382 355; x_wconf 88' lang='lat' dir='ltr'><strong>dicatur,</strong></span> <span class='ocrx_word' id='word_1_10' title='bbox 1423 302 1498 347; x_wconf 88' lang='lat' dir='ltr'><strong>vel</strong></span> 
     </span>
     <span class='ocr_line' id='line_1_5' title="bbox 146 380 1497 438; baseline -0.005 -8"><span class='ocrx_word' id='word_1_11' title='bbox 146 384 420 431; x_wconf 83' lang='lat' dir='ltr'><strong>hortulanus</strong></span> <span class='ocrx_word' id='word_1_12' title='bbox 467 386 688 437; x_wconf 76' lang='lat' dir='ltr'><strong>detraxit,</strong></span> <span class='ocrx_word' id='word_1_13' title='bbox 733 400 793 430; x_wconf 92' lang='lat' dir='ltr'><strong>ne</strong></span> <span class='ocrx_word' id='word_1_14' title='bbox 838 384 1034 428; x_wconf 74' lang='lat' dir='ltr'><strong>lactucae</strong></span> <span class='ocrx_word' id='word_1_15' title='bbox 1089 398 1184 427; x_wconf 86' lang='lat' dir='ltr'><strong>suae</strong></span> <span class='ocrx_word' id='word_1_16' title='bbox 1231 380 1497 438; x_wconf 79' lang='lat' dir='ltr'><strong>frequentia</strong></span> 
     </span>
    </p>
   </div>
   <div class='ocr_carea' id='block_1_5' title="bbox 147 464 850 509">
    <p class='ocr_par' dir='ltr' id='par_1_5' title="bbox 147 464 850 509">
     <span class='ocr_line' id='line_1_6' title="bbox 147 464 850 509; baseline -0.003 0"><span class='ocrx_word' id='word_1_17' title='bbox 147 464 511 509; x_wconf 80' lang='lat' dir='ltr'><strong>commeantium</strong></span> <span class='ocrx_word' id='word_1_18' title='bbox 555 464 850 508; x_wconf 75' lang='lat' dir='ltr'><strong>laederentur.</strong></span> 
     </span>
    </p>
   </div>
   <div class='ocr_carea' id='block_1_6' title="bbox 915 462 1496 519">
    <p class='ocr_par' dir='ltr' id='par_1_6' title="bbox 915 462 1496 519">
     <span class='ocr_line' id='line_1_7' title="bbox 915 462 1496 519; baseline -0.007 -13"><span class='ocrx_word' id='word_1_19' title='bbox 915 463 986 506; x_wconf 87' lang='lat' dir='ltr'><strong>Ut</strong></span> <span class='ocrx_word' id='word_1_20' title='bbox 1026 462 1139 506; x_wconf 88' lang='lat' dir='ltr'><strong>talia</strong></span> <span class='ocrx_word' id='word_1_21' title='bbox 1177 462 1397 519; x_wconf 66' lang='lat' dir='ltr'><strong>spectesss,</strong></span> <span class='ocrx_word' id='word_1_22' title='bbox 1442 462 1496 503; x_wconf 88' lang='lat' dir='ltr'><strong>ut</strong></span> 
     </span>
    </p>
   </div>
   <div class='ocr_carea' id='block_1_7' title="bbox 147 537 1498 753">
    <p class='ocr_par' dir='ltr' id='par_1_7' title="bbox 147 537 1498 753">
     <span class='ocr_line' id='line_1_8' title="bbox 147 537 1498 598; baseline -0.004 -11"><span class='ocrx_word' id='word_1_23' title='bbox 147 541 319 586; x_wconf 77' lang='lat' dir='ltr'><strong>talibus</strong></span> <span class='ocrx_word' id='word_1_24' title='bbox 353 541 575 593; x_wconf 81' lang='lat' dir='ltr'><strong>exsultes,</strong></span> <span class='ocrx_word' id='word_1_25' title='bbox 612 541 714 597; x_wconf 88' lang='lat' dir='ltr'><strong>quis</strong></span> <span class='ocrx_word' id='word_1_26' title='bbox 757 540 846 584; x_wconf 89' lang='lat' dir='ltr'><strong>tibi</strong></span> <span class='ocrx_word' id='word_1_27' title='bbox 885 544 1056 598; x_wconf 81' lang='lat' dir='ltr'><strong>praetor</strong></span> <span class='ocrx_word' id='word_1_28' title='bbox 1092 543 1176 583; x_wconf 87' lang='lat' dir='ltr'><strong>aut</strong></span> <span class='ocrx_word' id='word_1_29' title='bbox 1216 537 1378 583; x_wconf 89' lang='lat' dir='ltr'><strong>consul</strong></span> <span class='ocrx_word' id='word_1_30' title='bbox 1414 541 1498 581; x_wconf 89' lang='lat' dir='ltr'><strong>aut</strong></span> 
     </span>
     <span class='ocr_line' id='line_1_9' title="bbox 148 615 1497 682; baseline -0.004 -19"><span class='ocrx_word' id='word_1_31' title='bbox 148 622 456 682; x_wconf 25' lang='lat' dir='ltr'><strong>quaestor-aut</strong></span> <span class='ocrx_word' id='word_1_32' title='bbox 478 619 697 664; x_wconf 85' lang='lat' dir='ltr'><strong>sacerdos</strong></span> <span class='ocrx_word' id='word_1_33' title='bbox 718 619 778 663; x_wconf 92' lang='lat' dir='ltr'><strong>de</strong></span> <span class='ocrx_word' id='word_1_34' title='bbox 803 634 886 662; x_wconf 88' lang='lat' dir='ltr'><strong>sua</strong></span> <span class='ocrx_word' id='word_1_35' title='bbox 912 618 1194 662; x_wconf 83' lang='lat' dir='ltr'><strong>liberalitate</strong></span> <span class='ocrx_word' id='word_1_36' title='bbox 1217 615 1458 674; x_wconf 85' lang='lat' dir='ltr'><strong>praestabit</strong></span> <span class='ocrx_word' id='word_1_37' title='bbox 1472 615 1497 659; x_wconf 81' lang='lat'>?</span> 
     </span>
     <span class='ocr_line' id='line_1_10' title="bbox 147 695 1497 753; baseline -0.004 -12"><span class='ocrx_word' id='word_1_38' title='bbox 147 696 214 741; x_wconf 88' lang='lat' dir='ltr'><strong>Et</strong></span> <span class='ocrx_word' id='word_1_39' title='bbox 255 699 416 741; x_wconf 84' lang='lat' dir='ltr'><strong>tamen</strong></span> <span class='ocrx_word' id='word_1_40' title='bbox 460 696 561 741; x_wconf 88' lang='lat' dir='ltr'><strong>haec</strong></span> <span class='ocrx_word' id='word_1_41' title='bbox 606 697 708 753; x_wconf 90' lang='lat' dir='ltr'><strong>jam</strong></span> <span class='ocrx_word' id='word_1_42' title='bbox 753 696 1098 752; x_wconf 89' lang='lat' dir='ltr'><strong>quodammodo</strong></span> <span class='ocrx_word' id='word_1_43' title='bbox 1142 695 1366 738; x_wconf 85' lang='lat' dir='ltr'><strong>habemus</strong></span> <span class='ocrx_word' id='word_1_44' title='bbox 1412 708 1497 750; x_wconf 90' lang='lat' dir='ltr'><strong>per</strong></span> 
     </span>
    </p>
   </div>
   <div class='ocr_carea' id='block_1_8' title="bbox 146 773 1201 831">
    <p class='ocr_par' dir='ltr' id='par_1_8' title="bbox 146 773 1201 831">
     <span class='ocr_line' id='line_1_11' title="bbox 146 773 1201 831; baseline -0.004 -13"><span class='ocrx_word' id='word_1_45' title='bbox 146 773 288 818; x_wconf 85' lang='lat' dir='ltr'><strong>fidem</strong></span> <span class='ocrx_word' id='word_1_46' title='bbox 326 773 492 831; x_wconf 86' lang='lat' dir='ltr'><strong>spiritu</strong></span> <span class='ocrx_word' id='word_1_47' title='bbox 531 773 818 830; x_wconf 84' lang='lat' dir='ltr'><strong>imaginante</strong></span> <span class='ocrx_word' id='word_1_48' title='bbox 857 775 1201 829; x_wconf 78' lang='lat' dir='ltr'><strong>repraesentata.</strong></span> 
     </span>
    </p>
   </div>
   <div class='ocr_carea' id='block_1_9' title="bbox 1274 771 1496 815">
    <p class='ocr_par' dir='ltr' id='par_1_9' title="bbox 1274 771 1496 815">
     <span class='ocr_line' id='line_1_12' title="bbox 1274 771 1496 815; baseline -0.005 0"><span class='ocrx_word' id='word_1_49' title='bbox 1274 771 1496 815; x_wconf 84' lang='lat' dir='ltr'><strong>Ceterum</strong></span> 
     </span>
    </p>
   </div>
   <div class='ocr_carea' id='block_1_10' title="bbox 145 848 1495 1062">
    <p class='ocr_par' dir='ltr' id='par_1_10' title="bbox 145 848 1495 1062">
     <span class='ocr_line' id='line_1_13' title="bbox 147 848 1495 907; baseline -0.003 -12"><span class='ocrx_word' id='word_1_50' title='bbox 147 851 301 907; x_wconf 82' lang='lat' dir='ltr'><strong>qualia</strong></span> <span class='ocrx_word' id='word_1_51' title='bbox 339 851 419 895; x_wconf 88' lang='lat' dir='ltr'><strong>illa</strong></span> <span class='ocrx_word' id='word_1_52' title='bbox 455 855 576 902; x_wconf 87' lang='lat' dir='ltr'><strong>sunt,</strong></span> <span class='ocrx_word' id='word_1_53' title='bbox 616 866 719 907; x_wconf 89' lang='lat' dir='ltr'><strong>quae</strong></span> <span class='ocrx_word' id='word_1_54' title='bbox 758 865 847 894; x_wconf 90' lang='lat' dir='ltr'><strong>nec</strong></span> <span class='ocrx_word' id='word_1_55' title='bbox 885 850 1045 894; x_wconf 88' lang='lat' dir='ltr'><strong>oculus</strong></span> <span class='ocrx_word' id='word_1_56' title='bbox 1082 849 1200 893; x_wconf 90' lang='lat' dir='ltr'><strong>vidit</strong></span> <span class='ocrx_word' id='word_1_57' title='bbox 1242 863 1330 893; x_wconf 92' lang='lat' dir='ltr'><strong>nec</strong></span> <span class='ocrx_word' id='word_1_58' title='bbox 1371 848 1495 892; x_wconf 88' lang='lat' dir='ltr'><strong>auris</strong></span> 
     </span>
     <span class='ocr_line' id='line_1_14' title="bbox 145 925 1493 977; baseline -0.003 -5"><span class='ocrx_word' id='word_1_59' title='bbox 145 928 323 972; x_wconf 86' lang='lat' dir='ltr'><strong>audivit</strong></span> <span class='ocrx_word' id='word_1_60' title='bbox 353 943 442 973; x_wconf 90' lang='lat' dir='ltr'><strong>nec</strong></span> <span class='ocrx_word' id='word_1_61' title='bbox 472 928 523 972; x_wconf 91' lang='lat' dir='ltr'><strong>in</strong></span> <span class='ocrx_word' id='word_1_62' title='bbox 554 943 635 973; x_wconf 89' lang='lat' dir='ltr'><strong>cor</strong></span> <span class='ocrx_word' id='word_1_63' title='bbox 664 928 864 972; x_wconf 89' lang='lat' dir='ltr'><strong>hominis</strong></span> <span class='ocrx_word' id='word_1_64' title='bbox 899 928 1212 972; x_wconf 86' lang='lat' dir='ltr'><strong>ascenderunt</strong></span> <span class='ocrx_word' id='word_1_65' title='bbox 1229 926 1253 969; x_wconf 68' lang='lat' dir='ltr'><em>P</em></span> <span class='ocrx_word' id='word_1_66' title='bbox 1325 925 1493 977; x_wconf 89' lang='lat' dir='ltr'><strong>Credo,</strong></span> 
     </span>
     <span class='ocr_line' id='line_1_15' title="bbox 147 1004 1404 1062; baseline -0.003 -12"><span class='ocrx_word' id='word_1_67' title='bbox 147 1005 285 1050; x_wconf 85' lang='lat' dir='ltr'><strong>circo</strong></span> <span class='ocrx_word' id='word_1_68' title='bbox 308 1010 359 1050; x_wconf 89' lang='lat' dir='ltr'><strong>et</strong></span> <span class='ocrx_word' id='word_1_69' title='bbox 378 1009 577 1062; x_wconf 87' lang='lat' dir='ltr'><strong>utraque</strong></span> <span class='ocrx_word' id='word_1_70' title='bbox 601 1004 765 1050; x_wconf 82' lang='lat' dir='ltr'><strong>cavea⁷</strong></span> <span class='ocrx_word' id='word_1_71' title='bbox 787 1009 836 1050; x_wconf 92' lang='lat' dir='ltr'><strong>et</strong></span> <span class='ocrx_word' id='word_1_72' title='bbox 859 1005 986 1050; x_wconf 91' lang='lat' dir='ltr'><strong>omni</strong></span> <span class='ocrx_word' id='word_1_73' title='bbox 1009 1005 1162 1050; x_wconf 86' lang='lat' dir='ltr'><strong>stadio</strong></span> <span class='ocrx_word' id='word_1_74' title='bbox 1183 1004 1404 1061; x_wconf 83' lang='lat' dir='ltr'><strong>gratiora.</strong></span> 
     </span>
    </p>
   </div>
   <div class='ocr_carea' id='block_1_11' title="bbox 140 1134 786 1780">
    <p class='ocr_par' dir='ltr' id='par_1_11' title="bbox 140 1134 786 1780">
     <span class='ocr_line' id='line_1_16' title="bbox 203 1134 784 1176; baseline 0 -9"><span class='ocrx_word' id='word_1_75' title='bbox 203 1134 218 1154; x_wconf 80' lang='lat'>⁰</span> <span class='ocrx_word' id='word_1_76' title='bbox 237 1137 273 1167; x_wconf 69' lang='lat' dir='ltr'><strong>td</strong></span> <span class='ocrx_word' id='word_1_77' title='bbox 296 1135 381 1167; x_wconf 74' lang='lat' dir='ltr'><strong>talia</strong></span> <span class='ocrx_word' id='word_1_78' title='bbox 406 1139 534 1176; x_wconf 68' lang='lat' dir='ltr'><strong>epactes.</strong></span> <span class='ocrx_word' id='word_1_79' title='bbox 575 1136 638 1167; x_wconf 89' lang='lat' dir='ltr'><strong>We</strong></span> <span class='ocrx_word' id='word_1_80' title='bbox 665 1138 784 1167; x_wconf 86' lang='lat' dir='ltr'><strong>cannot</strong></span> 
     </span>
     <span class='ocr_line' id='line_1_17' title="bbox 144 1185 783 1226; baseline 0 -9"><span class='ocrx_word' id='word_1_81' title='bbox 144 1185 263 1217; x_wconf 76' lang='lat' dir='ltr'><strong>defend</strong></span> <span class='ocrx_word' id='word_1_82' title='bbox 281 1186 338 1217; x_wconf 81' lang='lat' dir='ltr'><strong>the</strong></span> <span class='ocrx_word' id='word_1_83' title='bbox 358 1186 452 1226; x_wconf 85' lang='lat' dir='ltr'><strong>spirit</strong></span> <span class='ocrx_word' id='word_1_84' title='bbox 471 1186 505 1216; x_wconf 89' lang='lat' dir='ltr'><strong>in</strong></span> <span class='ocrx_word' id='word_1_85' title='bbox 523 1187 629 1217; x_wconf 87' lang='lat' dir='ltr'><strong>which</strong></span> <span class='ocrx_word' id='word_1_86' title='bbox 652 1187 783 1217; x_wconf 85' lang='lat' dir='ltr'><strong>Tertul-</strong></span> 
     </span>
     <span class='ocr_line' id='line_1_18' title="bbox 143 1235 785 1276; baseline 0.002 -10"><span class='ocrx_word' id='word_1_87' title='bbox 143 1235 210 1266; x_wconf 76' lang='lat' dir='ltr'><strong>liau</strong></span> <span class='ocrx_word' id='word_1_88' title='bbox 232 1235 339 1267; x_wconf 69' lang='lat' dir='ltr'><strong>exulta</strong></span> <span class='ocrx_word' id='word_1_89' title='bbox 361 1236 395 1266; x_wconf 86' lang='lat' dir='ltr'><strong>in</strong></span> <span class='ocrx_word' id='word_1_90' title='bbox 418 1236 476 1267; x_wconf 79' lang='lat' dir='ltr'><strong>the</strong></span> <span class='ocrx_word' id='word_1_91' title='bbox 498 1239 651 1276; x_wconf 81' lang='lat' dir='ltr'><strong>prospect</strong></span> <span class='ocrx_word' id='word_1_92' title='bbox 671 1237 708 1266; x_wconf 79' lang='lat' dir='ltr'><strong>of</strong></span> <span class='ocrx_word' id='word_1_93' title='bbox 728 1237 785 1267; x_wconf 81' lang='lat' dir='ltr'><strong>the</strong></span> 
     </span>
     <span class='ocr_line' id='line_1_19' title="bbox 144 1285 786 1318; baseline 0 -1"><span class='ocrx_word' id='word_1_94' title='bbox 144 1285 345 1318; x_wconf 73' lang='lat' dir='ltr'><strong>destruction</strong></span> <span class='ocrx_word' id='word_1_95' title='bbox 367 1287 404 1317; x_wconf 80' lang='lat' dir='ltr'><strong>of</strong></span> <span class='ocrx_word' id='word_1_96' title='bbox 428 1287 484 1317; x_wconf 84' lang='lat' dir='ltr'><strong>the</strong></span> <span class='ocrx_word' id='word_1_97' title='bbox 506 1287 643 1317; x_wconf 84' lang='lat' dir='ltr'><strong>wicked.</strong></span> <span class='ocrx_word' id='word_1_98' title='bbox 683 1287 744 1318; x_wconf 85' lang='lat' dir='ltr'><strong>See</strong></span> <span class='ocrx_word' id='word_1_99' title='bbox 765 1297 786 1317; x_wconf 80' lang='lat' dir='ltr'><strong>a</strong></span> 
     </span>
     <span class='ocr_line' id='line_1_20' title="bbox 143 1335 786 1368; baseline 0.002 -2"><span class='ocrx_word' id='word_1_100' title='bbox 143 1339 222 1367; x_wconf 76' lang='lat' dir='ltr'><strong>noto</strong></span> <span class='ocrx_word' id='word_1_101' title='bbox 241 1336 275 1366; x_wconf 90' lang='lat' dir='ltr'><strong>in</strong></span> <span class='ocrx_word' id='word_1_102' title='bbox 297 1337 354 1367; x_wconf 82' lang='lat' dir='ltr'><strong>the</strong></span> <span class='ocrx_word' id='word_1_103' title='bbox 376 1335 458 1368; x_wconf 76' lang='lat' dir='ltr'>Oxf.</span> <span class='ocrx_word' id='word_1_104' title='bbox 473 1337 589 1367; x_wconf 79' lang='lat' dir='ltr'><strong>Trans.</strong></span> <span class='ocrx_word' id='word_1_105' title='bbox 623 1337 786 1367; x_wconf 85' lang='lat' dir='ltr'><strong>Minucius</strong></span> 
     </span>
     <span class='ocr_line' id='line_1_21' title="bbox 143 1384 785 1426; baseline 0 -9"><span class='ocrx_word' id='word_1_106' title='bbox 143 1384 237 1416; x_wconf 78' lang='lat' dir='ltr'><strong>Felix</strong></span> <span class='ocrx_word' id='word_1_107' title='bbox 247 1385 378 1426; x_wconf 77' lang='lat' dir='ltr'><strong>(octav.</strong></span> <span class='ocrx_word' id='word_1_108' title='bbox 389 1396 418 1417; x_wconf 86' lang='lat' dir='ltr'><strong>c.</strong></span> <span class='ocrx_word' id='word_1_109' title='bbox 429 1386 480 1426; x_wconf 83' lang='lat'><strong>37)</strong></span> <span class='ocrx_word' id='word_1_110' title='bbox 488 1386 546 1416; x_wconf 78' lang='lat' dir='ltr'><strong>has</strong></span> <span class='ocrx_word' id='word_1_111' title='bbox 559 1396 579 1416; x_wconf 82' lang='lat' dir='ltr'><strong>a</strong></span> <span class='ocrx_word' id='word_1_112' title='bbox 589 1387 685 1416; x_wconf 89' lang='lat' dir='ltr'><strong>much</strong></span> <span class='ocrx_word' id='word_1_113' title='bbox 696 1395 785 1417; x_wconf 87' lang='lat' dir='ltr'><strong>more</strong></span> 
     </span>
     <span class='ocr_line' id='line_1_22' title="bbox 145 1436 785 1468; baseline 0 -1"><span class='ocrx_word' id='word_1_114' title='bbox 145 1436 308 1468; x_wconf 75' lang='lat' dir='ltr'><strong>Christian</strong></span> <span class='ocrx_word' id='word_1_115' title='bbox 341 1440 480 1468; x_wconf 78' lang='lat' dir='ltr'><strong>account</strong></span> <span class='ocrx_word' id='word_1_116' title='bbox 507 1437 544 1467; x_wconf 85' lang='lat' dir='ltr'><strong>of</strong></span> <span class='ocrx_word' id='word_1_117' title='bbox 572 1447 593 1467; x_wconf 82' lang='lat' dir='ltr'><strong>a</strong></span> <span class='ocrx_word' id='word_1_118' title='bbox 621 1438 785 1468; x_wconf 80' lang='lat' dir='ltr'><strong>Christian</strong></span> 
     </span>
     <span class='ocr_line' id='line_1_23' title="bbox 143 1487 784 1527; baseline -0.003 -9"><span class='ocrx_word' id='word_1_119' title='bbox 143 1487 303 1527; x_wconf 72' lang='lat' dir='ltr'><strong>speetaole</strong></span> <span class='ocrx_word' id='word_1_120' title='bbox 320 1487 354 1517; x_wconf 86' lang='lat' dir='ltr'><strong>in</strong></span> <span class='ocrx_word' id='word_1_121' title='bbox 375 1489 432 1518; x_wconf 80' lang='lat' dir='ltr'><strong>the</strong></span> <span class='ocrx_word' id='word_1_122' title='bbox 452 1488 624 1527; x_wconf 69' lang='lat' dir='ltr'><strong>suffering-s</strong></span> <span class='ocrx_word' id='word_1_123' title='bbox 644 1488 680 1518; x_wconf 85' lang='lat' dir='ltr'><strong>of</strong></span> <span class='ocrx_word' id='word_1_124' title='bbox 699 1497 784 1517; x_wconf 83' lang='lat' dir='ltr'><strong>mar-</strong></span> 
     </span>
     <span class='ocr_line' id='line_1_24' title="bbox 142 1537 783 1577; baseline 0.002 -10"><span class='ocrx_word' id='word_1_125' title='bbox 142 1539 210 1577; x_wconf 69' lang='lat' dir='ltr'><strong>tyre</strong></span> <span class='ocrx_word' id='word_1_126' title='bbox 217 1537 269 1567; x_wconf 83' lang='lat' dir='ltr'><strong>for</strong></span> <span class='ocrx_word' id='word_1_127' title='bbox 278 1537 398 1568; x_wconf 87' lang='lat' dir='ltr'><strong>Christ.</strong></span> <span class='ocrx_word' id='word_1_128' title='bbox 417 1537 452 1568; x_wconf 89' lang='lat' dir='ltr'><strong>S.</strong></span> <span class='ocrx_word' id='word_1_129' title='bbox 462 1538 646 1577; x_wconf 77' lang='lat' dir='ltr'><strong>Angustiae</strong></span> <span class='ocrx_word' id='word_1_130' title='bbox 655 1538 783 1576; x_wconf 78' lang='lat' dir='ltr'><strong>(Eum-r.</strong></span> 
     </span>
     <span class='ocr_line' id='line_1_25' title="bbox 140 1586 783 1629; baseline 0 -13"><span class='ocrx_word' id='word_1_131' title='bbox 140 1586 176 1616; x_wconf 83' lang='lat' dir='ltr'><strong>in</strong></span> <span class='ocrx_word' id='word_1_132' title='bbox 195 1587 314 1619; x_wconf 77' lang='lat' dir='ltr'><strong>Psalm.</strong></span> <span class='ocrx_word' id='word_1_133' title='bbox 337 1588 388 1628; x_wconf 85' lang='lat'><strong>39)</strong></span> <span class='ocrx_word' id='word_1_134' title='bbox 410 1597 560 1629; x_wconf 84' lang='lat' dir='ltr'><strong>reproves</strong></span> <span class='ocrx_word' id='word_1_135' title='bbox 580 1598 601 1618; x_wconf 81' lang='lat' dir='ltr'><strong>a</strong></span> <span class='ocrx_word' id='word_1_136' title='bbox 621 1588 783 1619; x_wconf 84' lang='lat' dir='ltr'><strong>Christian</strong></span> 
     </span>
     <span class='ocr_line' id='line_1_26' title="bbox 141 1634 783 1677; baseline 0 -12"><span class='ocrx_word' id='word_1_137' title='bbox 141 1634 296 1666; x_wconf 76' lang='lat' dir='ltr'><strong>sudieuce</strong></span> <span class='ocrx_word' id='word_1_138' title='bbox 318 1636 371 1667; x_wconf 78' lang='lat' dir='ltr'><strong>for</strong></span> <span class='ocrx_word' id='word_1_139' title='bbox 393 1636 508 1676; x_wconf 81' lang='lat' dir='ltr'><strong>taking</strong></span> <span class='ocrx_word' id='word_1_140' title='bbox 527 1636 652 1677; x_wconf 73' lang='lat' dir='ltr'><strong>delight</strong></span> <span class='ocrx_word' id='word_1_141' title='bbox 672 1636 706 1666; x_wconf 88' lang='lat' dir='ltr'><strong>in</strong></span> <span class='ocrx_word' id='word_1_142' title='bbox 727 1635 783 1666; x_wconf 82' lang='lat' dir='ltr'><strong>the</strong></span> 
     </span>
     <span class='ocr_line' id='line_1_27' title="bbox 141 1686 783 1726; baseline 0.002 -10"><span class='ocrx_word' id='word_1_143' title='bbox 141 1686 280 1726; x_wconf 74' lang='lat' dir='ltr'><strong>popular</strong></span> <span class='ocrx_word' id='word_1_144' title='bbox 306 1687 423 1724; x_wconf 68' lang='lat' dir='ltr'><strong>thom,</strong></span> <span class='ocrx_word' id='word_1_145' title='bbox 447 1688 513 1718; x_wconf 79' lang='lat' dir='ltr'><strong>and</strong></span> <span class='ocrx_word' id='word_1_146' title='bbox 540 1690 700 1718; x_wconf 70' lang='lat' dir='ltr'><strong>conti-asts</strong></span> <span class='ocrx_word' id='word_1_147' title='bbox 726 1688 783 1718; x_wconf 86' lang='lat' dir='ltr'><strong>the</strong></span> 
     </span>
     <span class='ocr_line' id='line_1_28' title="bbox 140 1738 783 1780; baseline -0.005 -9"><span class='ocrx_word' id='word_1_148' title='bbox 140 1738 323 1780; x_wconf 73' lang='lat' dir='ltr'><strong>spectacula</strong></span> <span class='ocrx_word' id='word_1_149' title='bbox 334 1738 372 1770; x_wconf 85' lang='lat' dir='ltr'><strong>fit</strong></span> <span class='ocrx_word' id='word_1_150' title='bbox 381 1739 433 1769; x_wconf 81' lang='lat' dir='ltr'><strong>for</strong></span> <span class='ocrx_word' id='word_1_151' title='bbox 445 1747 466 1769; x_wconf 73' lang='lat' dir='ltr'><strong>a</strong></span> <span class='ocrx_word' id='word_1_152' title='bbox 477 1738 650 1771; x_wconf 79' lang='lat' dir='ltr'><strong>Christian.</strong></span> <span class='ocrx_word' id='word_1_153' title='bbox 672 1740 783 1771; x_wconf 84' lang='lat' dir='ltr'><strong>Mira.</strong></span> 
     </span>
    </p>
   </div>
   <div class='ocr_carea' id='block_1_12' title="bbox 850 1132 1498 1771">
    <p class='ocr_par' dir='ltr' id='par_1_12' title="bbox 850 1132 1498 1528">
     <span class='ocr_line' id='line_1_29' title="bbox 850 1132 1496 1170; baseline -0.008 -3"><span class='ocrx_word' id='word_1_154' title='bbox 850 1137 924 1167; x_wconf 81' lang='lat' dir='ltr'><strong>cula</strong></span> <span class='ocrx_word' id='word_1_155' title='bbox 951 1136 1107 1166; x_wconf 82' lang='lat' dir='ltr'><strong>hominum</strong></span> <span class='ocrx_word' id='word_1_156' title='bbox 1136 1135 1327 1170; x_wconf 79' lang='lat' dir='ltr'><strong>intuebatur,</strong></span> <span class='ocrx_word' id='word_1_157' title='bbox 1354 1132 1496 1163; x_wconf 78' lang='lat' dir='ltr'><strong>intendat</strong></span> 
     </span>
     <span class='ocr_line' id='line_1_30' title="bbox 851 1184 1496 1224; baseline -0.006 -7"><span class='ocrx_word' id='word_1_158' title='bbox 851 1186 1017 1217; x_wconf 83' lang='lat' dir='ltr'><strong>mirabilia</strong></span> <span class='ocrx_word' id='word_1_159' title='bbox 1037 1186 1113 1216; x_wconf 85' lang='lat' dir='ltr'><strong>Dei.</strong></span> <span class='ocrx_word' id='word_1_160' title='bbox 1155 1185 1267 1216; x_wconf 79' lang='lat' dir='ltr'><strong>Multa</strong></span> <span class='ocrx_word' id='word_1_161' title='bbox 1277 1184 1363 1224; x_wconf 74' lang='lat' dir='ltr'><strong>ficit</strong></span> <span class='ocrx_word' id='word_1_162' title='bbox 1382 1184 1496 1214; x_wconf 84' lang='lat' dir='ltr'><strong>Domi-</strong></span> 
     </span>
     <span class='ocr_line' id='line_1_31' title="bbox 852 1235 1494 1275; baseline -0.002 -8"><span class='ocrx_word' id='word_1_163' title='bbox 852 1247 910 1267; x_wconf 70' lang='lat' dir='ltr'><strong>nus</strong></span> <span class='ocrx_word' id='word_1_164' title='bbox 942 1237 1109 1267; x_wconf 77' lang='lat' dir='ltr'><strong>mirabilia</strong></span> <span class='ocrx_word' id='word_1_165' title='bbox 1139 1245 1211 1275; x_wconf 71' lang='lat' dir='ltr'><strong>wa,</strong></span> <span class='ocrx_word' id='word_1_166' title='bbox 1239 1235 1306 1265; x_wconf 78' lang='lat' dir='ltr'><strong>hoec</strong></span> <span class='ocrx_word' id='word_1_167' title='bbox 1332 1235 1494 1274; x_wconf 73' lang='lat' dir='ltr'><strong>respiciat.</strong></span> 
     </span>
     <span class='ocr_line' id='line_1_32' title="bbox 854 1286 1494 1326; baseline -0.005 -9"><span class='ocrx_word' id='word_1_168' title='bbox 854 1287 925 1317; x_wconf 89' lang='lat' dir='ltr'><strong>The</strong></span> <span class='ocrx_word' id='word_1_169' title='bbox 946 1287 1052 1317; x_wconf 84' lang='lat' dir='ltr'><strong>whole</strong></span> <span class='ocrx_word' id='word_1_170' title='bbox 1075 1295 1211 1326; x_wconf 80' lang='lat' dir='ltr'><strong>passage</strong></span> <span class='ocrx_word' id='word_1_171' title='bbox 1238 1286 1266 1316; x_wconf 87' lang='lat' dir='ltr'><strong>is</strong></span> <span class='ocrx_word' id='word_1_172' title='bbox 1288 1286 1395 1315; x_wconf 87' lang='lat' dir='ltr'><strong>worth</strong></span> <span class='ocrx_word' id='word_1_173' title='bbox 1416 1294 1494 1315; x_wconf 92' lang='lat' dir='ltr'><strong>con-</strong></span> 
     </span>
     <span class='ocr_line' id='line_1_33' title="bbox 853 1335 1498 1376; baseline -0.003 -9"><span class='ocrx_word' id='word_1_174' title='bbox 853 1337 977 1376; x_wconf 79' lang='lat' dir='ltr'><strong>sulting</strong></span> <span class='ocrx_word' id='word_1_175' title='bbox 1000 1346 1036 1367; x_wconf 83' lang='lat' dir='ltr'><strong>as</strong></span> <span class='ocrx_word' id='word_1_176' title='bbox 1067 1337 1212 1375; x_wconf 84' lang='lat' dir='ltr'><strong>shewing</strong></span> <span class='ocrx_word' id='word_1_177' title='bbox 1240 1336 1296 1367; x_wconf 88' lang='lat' dir='ltr'><strong>the</strong></span> <span class='ocrx_word' id='word_1_178' title='bbox 1328 1335 1435 1365; x_wconf 83' lang='lat' dir='ltr'><strong>habits</strong></span> <span class='ocrx_word' id='word_1_179' title='bbox 1461 1335 1498 1365; x_wconf 76' lang='lat' dir='ltr'><strong>of</strong></span> 
     </span>
     <span class='ocr_line' id='line_1_34' title="bbox 853 1386 1496 1427; baseline -0.003 -10"><span class='ocrx_word' id='word_1_180' title='bbox 853 1388 983 1427; x_wconf 77' lang='lat' dir='ltr'><strong>society,</strong></span> <span class='ocrx_word' id='word_1_181' title='bbox 995 1387 1058 1417; x_wconf 85' lang='lat' dir='ltr'><strong>and</strong></span> <span class='ocrx_word' id='word_1_182' title='bbox 1069 1388 1125 1417; x_wconf 87' lang='lat' dir='ltr'><strong>the</strong></span> <span class='ocrx_word' id='word_1_183' title='bbox 1136 1387 1326 1417; x_wconf 87' lang='lat' dir='ltr'><strong>sentiments</strong></span> <span class='ocrx_word' id='word_1_184' title='bbox 1336 1387 1374 1417; x_wconf 83' lang='lat' dir='ltr'><strong>of</strong></span> <span class='ocrx_word' id='word_1_185' title='bbox 1386 1386 1496 1416; x_wconf 85' lang='lat' dir='ltr'><strong>Chris-</strong></span> 
     </span>
     <span class='ocr_line' id='line_1_35' title="bbox 852 1435 1495 1477; baseline -0.003 -9"><span class='ocrx_word' id='word_1_186' title='bbox 852 1439 937 1469; x_wconf 80' lang='lat' dir='ltr'><strong>tians</strong></span> <span class='ocrx_word' id='word_1_187' title='bbox 950 1448 985 1468; x_wconf 86' lang='lat' dir='ltr'><strong>as</strong></span> <span class='ocrx_word' id='word_1_188' title='bbox 995 1435 1033 1468; x_wconf 76' lang='lat' dir='ltr'><strong>&#39;to</strong></span> <span class='ocrx_word' id='word_1_189' title='bbox 1047 1438 1137 1468; x_wconf 81' lang='lat' dir='ltr'><strong>these</strong></span> <span class='ocrx_word' id='word_1_190' title='bbox 1151 1437 1259 1477; x_wconf 83' lang='lat' dir='ltr'><strong>points</strong></span> <span class='ocrx_word' id='word_1_191' title='bbox 1269 1436 1303 1466; x_wconf 87' lang='lat' dir='ltr'><strong>in</strong></span> <span class='ocrx_word' id='word_1_192' title='bbox 1318 1437 1373 1467; x_wconf 87' lang='lat' dir='ltr'><strong>the</strong></span> <span class='ocrx_word' id='word_1_193' title='bbox 1382 1437 1495 1467; x_wconf 83' lang='lat' dir='ltr'><strong>fourth</strong></span> 
     </span>
     <span class='ocr_line' id='line_1_36' title="bbox 851 1492 993 1528; baseline 0 -9"><span class='ocrx_word' id='word_1_194' title='bbox 851 1492 993 1528; x_wconf 79' lang='lat' dir='ltr'><strong>century.</strong></span> 
     </span>
    </p>

    <p class='ocr_par' dir='ltr' id='par_1_13' title="bbox 850 1537 1494 1771">
     <span class='ocr_line' id='line_1_37' title="bbox 911 1537 1494 1578; baseline -0.002 -10"><span class='ocrx_word' id='word_1_195' title='bbox 911 1539 926 1560; x_wconf 84' lang='lat'><strong><em>⁷</em></strong></span> <span class='ocrx_word' id='word_1_196' title='bbox 949 1542 1083 1578; x_wconf 79' lang='lat' dir='ltr'><strong>utraque</strong></span> <span class='ocrx_word' id='word_1_197' title='bbox 1111 1547 1218 1569; x_wconf 79' lang='lat' dir='ltr'><strong>cavea.</strong></span> <span class='ocrx_word' id='word_1_198' title='bbox 1261 1538 1402 1568; x_wconf 70' lang='lat' dir='ltr'><strong>Theatra</strong></span> <span class='ocrx_word' id='word_1_199' title='bbox 1429 1537 1494 1567; x_wconf 83' lang='lat' dir='ltr'><strong>and</strong></span> 
     </span>
     <span class='ocr_line' id='line_1_38' title="bbox 850 1588 1492 1628; baseline -0.003 -9"><span class='ocrx_word' id='word_1_200' title='bbox 850 1589 1096 1628; x_wconf 81' lang='lat' dir='ltr'><strong>amphitheatre.</strong></span> <span class='ocrx_word' id='word_1_201' title='bbox 1129 1589 1259 1627; x_wconf 86' lang='lat' dir='ltr'><strong>Gangn.</strong></span> <span class='ocrx_word' id='word_1_202' title='bbox 1274 1588 1380 1618; x_wconf 86' lang='lat' dir='ltr'><strong>caula.</strong></span> <span class='ocrx_word' id='word_1_203' title='bbox 1402 1588 1492 1626; x_wconf 85' lang='lat' dir='ltr'><strong>Lips.</strong></span> 
     </span>
     <span class='ocr_line' id='line_1_39' title="bbox 851 1639 1493 1679; baseline -0.002 -10"><span class='ocrx_word' id='word_1_204' title='bbox 851 1640 891 1669; x_wconf 89' lang='lat' dir='ltr'><strong>de</strong></span> <span class='ocrx_word' id='word_1_205' title='bbox 906 1639 1027 1678; x_wconf 89' lang='lat' dir='ltr'><strong>Amph.</strong></span> <span class='ocrx_word' id='word_1_206' title='bbox 1043 1648 1076 1679; x_wconf 90' lang='lat' dir='ltr'><strong>p.</strong></span> <span class='ocrx_word' id='word_1_207' title='bbox 1095 1648 1142 1676; x_wconf 79' lang='lat'><strong>14,</strong></span> <span class='ocrx_word' id='word_1_208' title='bbox 1157 1642 1272 1678; x_wconf 84' lang='lat' dir='ltr'><strong>quotes</strong></span> <span class='ocrx_word' id='word_1_209' title='bbox 1286 1639 1342 1669; x_wconf 83' lang='lat' dir='ltr'><strong>the</strong></span> <span class='ocrx_word' id='word_1_210' title='bbox 1357 1648 1493 1678; x_wconf 85' lang='lat' dir='ltr'><strong>passage</strong></span> 
     </span>
     <span class='ocr_line' id='line_1_40' title="bbox 851 1688 1492 1730; baseline -0.003 -10"><span class='ocrx_word' id='word_1_211' title='bbox 851 1690 930 1719; x_wconf 86' lang='lat' dir='ltr'><strong>with</strong></span> <span class='ocrx_word' id='word_1_212' title='bbox 952 1689 1059 1726; x_wconf 83' lang='lat' dir='ltr'><strong>caula,</strong></span> <span class='ocrx_word' id='word_1_213' title='bbox 1083 1689 1206 1730; x_wconf 81' lang='lat' dir='ltr'><strong>adding</strong></span> <span class='ocrx_word' id='word_1_214' title='bbox 1233 1689 1278 1719; x_wconf 87' lang='lat' dir='ltr'><strong>‘si</strong></span> <span class='ocrx_word' id='word_1_215' title='bbox 1297 1697 1372 1719; x_wconf 85' lang='lat' dir='ltr'><strong>vera</strong></span> <span class='ocrx_word' id='word_1_216' title='bbox 1394 1688 1492 1719; x_wconf 87' lang='lat' dir='ltr'><strong>lectio</strong></span> 
     </span>
     <span class='ocr_line' id='line_1_41' title="bbox 850 1740 920 1771; baseline 0 -1"><span class='ocrx_word' id='word_1_217' title='bbox 850 1740 920 1771; x_wconf 87' lang='lat' dir='ltr'><strong>est.&#39;</strong></span> 
     </span>
    </p>
   </div>
   <div class='ocr_carea' id='block_1_13' title="bbox 1562 316 1681 387">
    <p class='ocr_par' dir='ltr' id='par_1_14' title="bbox 1562 316 1681 387">
     <span class='ocr_line' id='line_1_42' title="bbox 1569 316 1672 348; baseline -0.01 0"><span class='ocrx_word' id='word_1_218' title='bbox 1569 316 1672 348; x_wconf 82' lang='lat' dir='ltr'><strong>CAP.</strong></span> 
     </span>
     <span class='ocr_line' id='line_1_43' title="bbox 1562 356 1681 387; baseline -0.008 0"><span class='ocrx_word' id='word_1_219' title='bbox 1562 356 1681 387; x_wconf 90' lang='lat' dir='ltr'><strong>XXX.</strong></span> 
     </span>
    </p>
   </div>
   <div class='ocr_carea' id='block_1_14' title="bbox 1511 413 1720 420">
    <p class='ocr_par' dir='ltr' id='par_1_15' title="bbox 1511 413 1720 420">
     <span class='ocr_line' id='line_1_44' title="bbox 1511 413 1720 420; baseline 0 0"><span class='ocrx_word' id='word_1_220' title='bbox 1511 413 1720 420; x_wconf 95' lang='lat' dir='ltr'><strong> </strong></span> 
     </span>
    </p>
   </div>
   <div class='ocr_carea' id='block_1_15' title="bbox 1514 436 1686 524">
    <p class='ocr_par' dir='ltr' id='par_1_16' title="bbox 1514 436 1686 524">
     <span class='ocr_line' id='line_1_45' title="bbox 1514 436 1683 464; baseline 0.012 -2"><span class='ocrx_word' id='word_1_221' title='bbox 1514 436 1593 463; x_wconf 74' lang='lat' dir='ltr'><strong>Matt.</strong></span> <span class='ocrx_word' id='word_1_222' title='bbox 1603 437 1683 464; x_wconf 80' lang='lat' dir='ltr'><strong>xxvii.</strong></span> 
     </span>
     <span class='ocr_line' id='line_1_46' title="bbox 1514 468 1686 524; baseline 0 -30"><span class='ocrx_word' id='word_1_223' title='bbox 1514 468 1554 524; x_wconf 51' lang='grc' dir='ltr'><strong>ῗὲῖ</strong></span> <span class='ocrx_word' id='word_1_224' title='bbox 1567 468 1588 493; x_wconf 66' lang='grc' dir='ltr'><strong>ἃ</strong></span> <span class='ocrx_word' id='word_1_225' title='bbox 1597 468 1686 494; x_wconf 77' lang='lat' dir='ltr'><strong>xxvffi.</strong></span> 
     </span>
    </p>
   </div>
   <div class='ocr_carea' id='block_1_16' title="bbox 1512 1020 1674 1047">
    <p class='ocr_par' dir='ltr' id='par_1_17' title="bbox 1512 1020 1674 1047">
     <span class='ocr_line' id='line_1_47' title="bbox 1512 1020 1674 1047; baseline 0 0"><span class='ocrx_word' id='word_1_226' title='bbox 1512 1020 1527 1046; x_wconf 89' lang='lat'>1</span> <span class='ocrx_word' id='word_1_227' title='bbox 1540 1021 1599 1047; x_wconf 85' lang='lat' dir='ltr'><strong>Cor.</strong></span> <span class='ocrx_word' id='word_1_228' title='bbox 1611 1021 1637 1047; x_wconf 80' lang='lat' dir='ltr'><strong>ii.</strong></span> <span class='ocrx_word' id='word_1_229' title='bbox 1650 1021 1674 1047; x_wconf 81' lang='lat'><strong>9.</strong></span> 
     </span>
    </p>
   </div>
  </div>
 </body>
</html>
