1812 2956
324 194 380 238 82
679 198 1087 238 TERTULLIANI
1124 198 1303 238 LIBER

120 344 218 375 CAP.
238 343 300 374 xl.
327 333 554 376 daemonia
572 332 840 375 thurarius?
907 332 1031 374 Nam
1052 331 1231 375 facilius
1253 332 1350 375 sine
1372 332 1498 376 idolo
1514 332 1660 376 ido'lo·

326 410 472 460 latria,
510 424 647 464 quam
669 409 768 454 sine
791 409 987 452 thurarii
1009 422 1177 453 merce.
1246 409 1396 465 Ipsius
1421 410 1530 453 fidei
1552 424 1660 454 con-

328 487 568 531 scientiam
591 501 903 543 perrogemus.
965 487 1069 538 Quo
1094 500 1174 529 ore
1197 486 1481 531 Christianus
1503 486 1659 530 thura„

326 566 433 615 rius,
458 565 496 608 si
519 579 602 620 per
625 564 799 620 templa
824 563 1051 614 transibit,
1077 578 1168 618 quo
1200 578 1280 607 ore
1303 564 1535 608 fumantes
1557 577 1660 607 aras

328 643 525 698 despuet
579 645 628 685 et
671 641 983 691 exsufflabitw,
1032 641 1196 696 quibus
1240 640 1339 697 ipse
1383 640 1661 698 prospexit?

330 721 435 771 Qua
462 718 724 763 constantia
753 717 1036 762 exorcizabit
1064 717 1274 760 alumnos
1304 719 1462 770 suos¹⁹,
1496 717 1661 772 quibus

327 798 516 840 domum
552 812 681 840 suam
718 796 953 840 cellarium
987 799 1177 852 praestat
1191 795 1214 838 P
1282 794 1367 838 Ele
1402 794 1589 850 quidem
1623 793 1663 838 si

328 874 578 918 excluserit
617 873 904 924 daemonium,
942 887 1036 915 non
1076 872 1163 915 sibi
1198 871 1382 928 placeat
1418 871 1477 914 de
1518 871 1662 916 fidem.

1232 948 1387 992 Facile
1416 947 1578 991 debuit
1601 947 1662 992 de

1352 1024 1493 1067 Nulla
1517 1024 1662 1081 igitur

327 953 495 1007 Neque
530 951 653 994 enim
682 951 918 994 inimicum
954 949 1163 993 exclusit.

328 1044 385 1073 eo
420 1029 682 1084 impetrare,
714 1042 852 1082 quem
883 1026 1091 1082 quotidie
1122 1025 1282 1081 pascit.

327 1121 414 1156 ars,
438 1105 563 1148 nulla
593 1105 830 1161 professio,
859 1103 984 1146 nulla
1013 1101 1284 1158 negotiatio,
1310 1116 1410 1156 quae
1442 1101 1554 1156 quid
1580 1104 1662 1145 aut

327 1182 607 1226 instruendis
631 1186 712 1225 aut
734 1180 987 1224 formandis
1014 1179 1149 1223 idolis
1175 1178 1478 1229 administrat,
1503 1192 1662 1223 carere

327 1260 501 1316 poterit
530 1259 669 1302 titulo
697 1257 996 1308 idololatriae3
1029 1256 1116 1299 nisi
1148 1255 1187 1298 si
1221 1255 1348 1298 aliud
1381 1255 1568 1298 omnino
1593 1255 1664 1298 in-

326 1340 638 1393 terpretemur
655 1335 976 1386 idololatriam,
993 1348 1130 1390 quam
1145 1332 1417 1376 famulatum
1434 1332 1663 1377 idolorum

327 1415 641 1459 colendorum.

112 1501 200 1531 CAP
227 1501 307 1531 Χῐῐ.
422 1492 547 1535 Male
588 1491 719 1535 nobis
758 1491 818 1534 de
854 1488 1207 1533 necessitatibus
1241 1486 1452 1530 humanae
1489 1485 1664 1530 exhibi-

110 1581 313 1611 Astogaininga
329 1569 468 1612 tionis
490 1569 846 1625 supplaudimus,
878 1567 916 1610 si
947 1570 1054 1623 post
1076 1565 1215 1608 fidem
1239 1564 1529 1620 obsignatam
1553 1563 1663 1607 diei-

110 1611 262 1641 livelihood‚
274 1618 312 1636 we

109 1643 305 1696 ἶὲῗῧξιξξῗζῖὲι·
330 1661 444 1696 mus,
480 1647 589 1689 Non
611 1646 760 1688 habeo
786 1659 876 1699 quo
894 1644 1055 1688 vivam.
1110 1643 1141 1686 J
1143 1657 1218 1684 am
1239 1642 1315 1685 hic
1339 1641 1462 1684 enim
1484 1640 1663 1698 plenius

110 1708 156 1726 are
167 1703 196 1725 to
205 1702 285 1726 sacri-
820 1721 829 1730 .
859 1720 868 1730 .
1514 1717 1524 1726 .
1557 1717 1567 1726 .

109 1732 257 1791 Qffiflffl
330 1722 395 1764 illi
418 1722 626 1778 abruptae
647 1720 950 1777 propOS1t10ni
979 1719 1281 1775 respondebo.
1335 1718 1449 1761 Sero
1479 1717 1662 1763 dicitur.

111 1792 297 1847 ἓῖἒξὲὲζέἱθ,
329 1799 457 1842 Ante
486 1798 608 1841 enim
630 1798 720 1840 fuit
744 1797 1108 1847 deliberandum,
1141 1810 1200 1839 ex
1233 1793 1530 1838 similitudine
1546 1808 1663 1849 ·pro-

113 1886 291 1913 huam-28-
329 1874 632 1918 videntissimi
657 1873 843 1917 aedificis
864 1873 997 1924 illius,
1023 1872 1101 1927 qui
1122 1871 1247 1928 prius
1271 1874 1480 1928 sumptus
1511 1869 1663 1927 operis

331 1966 437 1995 cum
453 1951 624 1995 viribus
643 1950 736 1994 suis
750 1953 982 2007 supputat,
1002 1963 1074 2000 ne,
1099 1948 1179 1991 ubi
1198 1948 1399 2004 coeperit,
1416 1947 1663 1991 defunctus

1029 2065 1138 2096 makes
1171 2065 1220 2094 his
1252 2064 1352 2095 house
1385 2073 1405 2094 a
1438 2062 1666 2095 storo-house?

1030 2115 1148 2154 Bingh.
1165 2115 1240 2145 Chr.
1257 2114 1338 2144 Ant.
1353 2122 1403 2144 11.
1421 2122 1450 2152 5,
1464 2116 1493 2144 6.
1535 2113 1590 2144 On
1610 2122 1664 2144 ex-

1029 2165 1141 2195 orcism
1156 2174 1208 2194 see
1221 2164 1272 2194 De
1287 2165 1394 2202 Spect.
1407 2173 1434 2194 c.
1446 2166 1493 2200 26,
1506 2172 1538 2193 n.
1555 2173 1583 2195 2.
1691 2200 1695 2203 ,

1088 2214 1116 2233 ²⁰
1136 2214 1198 2244 Ille
1216 2213 1376 2252 quidem...
1393 2213 1445 2242 ‘Is
1455 2213 1533 2242 such
1545 2221 1586 2242 an
1601 2221 1664 2243 one

1028 2263 1108 2293 have
1129 2266 1197 2292 cast
1218 2266 1275 2292 out
1296 2271 1316 2291 a
1336 2262 1429 2298 devil,
1450 2262 1497 2292 let
1519 2262 1584 2291 him
1604 2264 1663 2292 not

1028 2313 1137 2351 plume
1156 2312 1287 2342 himself
1302 2321 1343 2341 on
1364 2311 1413 2340 his
1427 2311 1528 2349 saith:
1540 2312 1599 2342 1'.e.
1615 2312 1662 2342 let

1028 2362 1093 2392 him
1108 2365 1165 2392 not
1178 2361 1322 2392 consider
1340 2361 1405 2391 this
1417 2370 1437 2390 a
1449 2361 1545 2400 proof
1561 2362 1598 2391 of
1613 2362 1663 2392 his

329 2070 459 2106 greater
484 2067 612 2104 service,
640 2076 718 2097 even
746 2066 886 2096 towards
910 2067 965 2096 the

330 2117 441 2152 devils,
450 2117 527 2146 than
538 2118 578 2147 he
588 2117 615 2146 is
625 2118 666 2156 by
675 2116 936 2154 incense-selling
941 2115 966 2145 ’θ’

329 2168 384 2198 the
402 2170 573 2206 argument
588 2167 686 2204 being
707 2167 778 2196 that
798 2166 853 2195 the
873 2166 964 2195 trade

329 2220 415 2247 must
424 2217 520 2246 needs
530 2217 570 2246 be
581 2216 764 2252 idolatrous,
773 2215 856 2244 seein
859 2224 883 2254 g
894 2215 965 2245 that

328 2267 455 2296 incense
484 2266 511 2295 is
538 2275 616 2295 even
642 2274 729 2294 more
754 2265 902 2294 essentia]
929 2267 963 2294 to

329 2317 474 2355 idolatry,
487 2316 564 2345 than
580 2315 635 2344 the
648 2315 714 2344 idol
728 2314 824 2345 itself.

389 2366 417 2384 ¹⁸
444 2366 570 2404 despuet
602 2369 631 2395 et
666 2365 855 2407 eoesufflabit.
907 2363 964 2393 Ad

329 2417 428 2447 Uxor.
454 2425 495 2447 11.
516 2425 543 2445 c.
559 2424 589 2454 5,
605 2424 672 2445 cum
693 2414 819 2453 aliquid
835 2414 964 2443 immun.

327 2467 401 2496 dum
424 2467 513 2505 flatu
544 2465 679 2504 exspuis.
727 2463 829 2502 Apul.
860 2462 963 2501 Apol.

327 2526 355 2545 c.
368 2525 415 2552 44,
434 2518 565 2553 possunt
587 2515 689 2544 dicere
705 2522 816 2550 omnes,
835 2512 913 2551 quid
930 2512 964 2542 in

332 2565 446 2594 Thallo
460 2564 621 2603 despuant.
662 2563 743 2593 lbid.
758 2572 788 2592 c.
802 2571 851 2601 52,
865 2562 898 2592 in
912 2571 963 2592 cu-

327 2614 430 2643 biculo
444 2614 565 2652 despui.

388 2662 414 2681 ¹⁹
434 2663 575 2692 alumnos
591 2671 674 2700 suos,
689 2661 757 2691 ‘his
771 2670 842 2691 own
858 2661 962 2691 alum-

324 2713 368 2751 ni,
383 2712 474 2742 those
488 2712 587 2742 devils
606 2712 639 2742 in
655 2712 762 2742 whose
783 2712 901 2742 service
921 2711 963 2742 he

1027 2411 1118 2441 saith.

1089 2461 1148 2492 Ch.
1167 2461 1250 2491 XII.
1286 2461 1294 2480 ¹
1310 2461 1662 2498 conditionalis,aslave

1028 2511 1163 2541 devoted
1177 2511 1239 2540 and
1252 2511 1361 2540 bound
1376 2514 1411 2540 to
1424 2520 1444 2540 a
1456 2510 1574 2549 special
1594 2519 1662 2540 em-

1027 2561 1203 2600 ployment.
1231 2560 1351 2590 Oehler
1365 2560 1437 2590 tells
1450 2569 1488 2589 us
1500 2559 1572 2589 that
1583 2559 1662 2589 with

1027 2611 1083 2641 the
1095 2611 1209 2649 jux-ists
1225 2611 1281 2640 the
1302 2613 1384 2640 term
1403 2618 1469 2639 was
1492 2609 1662 2648 especially

1026 2660 1155 2699 applied
1178 2663 1213 2690 to
1235 2660 1337 2690 slaves
1358 2659 1467 2689 bound
1487 2658 1663 2689 extraordis-

1028 2710 1128 2750 nat-ily
1155 2712 1190 2740 to
1216 2710 1272 2740 the
1301 2709 1410 2749 public
1439 2708 1568 2739 service.
1609 2708 1662 2739 ne
