1812 2956
491 179 601 217 'DE
640 177 1117 219 IDOLOLATRIAJ‘
1431 173 1486 215 83

125 318 291 372 postea
311 313 573 359 erubeseat.
632 314 728 359 Sed
752 317 803 358 et
826 328 951 358 nunc
974 313 1121 357 habes
1143 312 1273 356 dieta
1289 311 1484 356 Domini
1505 321 1701 353 CARXII.

126 391 342 450 exempla
363 391 619 436 adimentia
636 391 725 436 tibi
749 406 936 435 omnem
957 390 1289 434 causationem.
1353 389 1480 442 Quid

126 469 252 515 enim
279 469 432 514 diois?
501 470 694 527 Egebo:
744 470 829 514 sed
858 468 1020 514 felices
1049 483 1225 526 egenos
1248 468 1479 512 Dominus
1496 480 1660 507 Luc-vi.20.

125 547 344 604 appellat.
401 547 595 593 Victum
622 563 716 592 non
739 547 949 592 habebo:
986 546 1082 598 sed,
1108 546 1284 597 Nolite,
1308 546 1476 602 inquit,
1495 555 1573 612 12⁵2}st-
1587 554 1612 581 vi
1633 554 1672 585 2⁵,

124 625 340 683 cogitare
368 625 428 670 de
455 625 611 677 vietu;
648 629 698 669 et
729 626 926 670 vestitus
956 625 1183 669 habemus
1211 624 1479 681 exemplum

126 702 235 748 lilia.
286 703 557 747 Substantia
570 703 683 746 mihi
707 718 822 760 opus
846 707 975 748 erat:
1009 702 1173 758 atquin
1196 702 1352 746 omnia
1374 716 1480 746 ven·
1496 719 1563 746 nuc.
1576 719 1648 746 xvia

126 779 284 825 denda
319 783 428 825 sunt
465 784 516 824 et
547 780 794 837 egentibus
826 780 1090 824 dividenda.
1164 780 1258 824 Sed
1290 780 1393 823 filiis
1430 783 1481 824 et

125 857 393 916 posteritati
414 857 779 916 providendum:
814 872 955 902 nemo
987 861 1146 901 aratro
1175 858 1367 900 manum
1397 857 1480 900 im·
1497 875 1608 902 nucu.
1621 876 1660 902 62.

124 950 304 994 ponens
325 939 376 981 et
394 940 523 980 retro
545 939 763 993 spectans
788 939 926 992 aptus
951 938 1024 978 est
1047 934 1190 991 operi.
1252 934 1348 978 Sed
1371 949 1480 979 con-

123 1013 384 1058 ditionalisl
430 1028 584 1058 eram:
641 1028 780 1057 nemo
829 1013 1012 1057 duobus
1059 1012 1259 1056 dominis
1306 1013 1478 1057 servire
1496 1028 1672 1085 ἕωιψῃξιὲ

124 1094 298 1151 potest.
348 1091 398 1136 Si
413 1091 480 1136 vis
499 1091 692 1136 Domini
717 1090 969 1148 discipulus
994 1105 1109 1142 esse,
1136 1105 1324 1135 crucem
1347 1094 1479 1134 tuam
1497 1066 1639 1133 mxxxi.
1652 1078 1690 1132 21⁴2

124 1169 264 1214 tollas
303 1173 355 1214 et
393 1169 649 1213 Dominum
690 1169 897 1224 sequaris
943 1183 1134 1212 neeesse
1181 1172 1266 1219 est,
1303 1169 1353 1211 id
1394 1172 1479 1219 est,

125 1247 366 1306 angustias
389 1251 440 1291 et
463 1245 697 1291 eruciatus
719 1251 841 1297 tuos,
866 1246 939 1290 vel
968 1261 1136 1302 eorpus
1165 1246 1327 1297 solum,
1354 1246 1482 1301 quod

126 1326 178 1370 in
211 1325 404 1370 modum
438 1325 614 1370 erucis²
648 1329 732 1369 est.
801 1325 1044 1375 Parentes,
1077 1325 1314 1381 conjuges,
1345 1324 1481 1367 liberi
1495 1343 1574 1369 matt.
1587 1342 1640 1368 112
1653 1342 1692 1377 22

129 1407 322 1461 propter
354 1404 514 1448 Deum
546 1403 839 1458 relinquendi
872 1405 1024 1446 erunt.
1094 1402 1171 1445 De
1211 1402 1389 1445 artibus
1430 1405 1481 1446 et

128 1479 527 1538 negotiationibus
573 1484 624 1524 et
669 1480 729 1523 de
770 1478 1135 1536 professionibus
1178 1478 1321 1521 etiam
1368 1477 1481 1521 libe-

127 1574 288 1604 rorum
338 1562 389 1603 et
437 1563 685 1616 parentum
730 1573 871 1602 eausa
916 1557 1103 1600 dubitas
1119 1556 1142 1599 ?
1210 1556 1242 1599 J
1243 1570 1319 1598 am
1365 1559 1480 1599 tune

128 1637 499 1682 demonstratum
525 1640 599 1680 est
627 1636 762 1680 nobis
795 1642 844 1679 et
871 1635 1090 1692 pignera³
1120 1638 1170 1678 et
1206 1633 1402 1677 artificia
1431 1637 1481 1676 et

128 1714 320 1772 negotia
345 1718 539 1771 propter
567 1714 824 1758 Dominum
856 1711 1234 1768 derelinquenda,
1264 1726 1372 1755 eum
1403 1711 1435 1754 J
1436 1725 1482 1754 a·

130 1792 276 1837 cobus
307 1795 358 1836 et
391 1792 424 1836 J
424 1791 630 1836 ohannes
658 1791 812 1836 vocati
835 1806 864 1834 a
886 1791 1093 1835 Domino
1118 1793 1168 1834 et
1196 1793 1380 1847 patrem
1403 1803 1482 1831 na-
1499 1800 1623 1827 Mattiv.
1636 1800 1675 1826 22.

130 1884 328 1925 vemque
368 1869 710 1925 derelinquunt,
747 1884 855 1913 cum
895 1868 1151 1911 Matthaeus
1195 1867 1255 1910 de
1292 1866 1482 1909 teloneo
1500 1876 1579 1902 Μαι·
1592 1876 1628 1902 ir»
1640 1876 1664 1902 ⁹·

132 1948 397 1999 suscitatur,
423 1962 531 1991 eum
557 1947 701 1991 etiam
736 1946 934 2004 sepelire
964 1949 1149 2003 patrem
1177 1944 1367 1988 tardum
1393 1944 1485 1987 fuit
1502 1954 1580 1980 Matt-
1594 1953 1647 1979 vm
1664 1953 1703 1979 12-

134 2058 251 2096 quotes
273 2054 356 2086 eod.
382 2053 506 2086 Theod.
530 2063 608 2085 vm.
634 2063 661 2090 ι,
687 2063 714 2094 3,
738 2062 775 2092 5:

133 2105 338 2136 Annonarioe
362 2108 392 2135 et
422 2105 588 2135 actuarios
621 2104 776 2134 conditio-

845 2054 901 2084 the
918 2053 998 2084 Cod.
1016 2052 1081 2099 A-g.
1098 2061 1165 2082 was
1175 2051 1293 2091 copied
1308 2051 1392 2081 from
1414 2051 1488 2082 MS.

845 2103 980 2142 reading
1005 2103 1076 2139 Xis,
1104 2102 1168 2132 and
1204 2102 1277 2132 that
1298 2101 1362 2131 this
1388 2101 1488 2141 being

133 2155 223 2187 nates
244 2164 310 2186 esee
324 2156 542 2195 proecipimus.
584 2154 668 2185 Ibid.
697 2163 776 2185 vm.

135 2215 164 2244 1,
187 2214 227 2245 7:
246 2206 338 2237 Licet
361 2205 589 2236 conditionales
614 2205 679 2235 sint
699 2214 778 2244 quos

134 2256 228 2296 vulfo
254 2256 435 2287 tabularios
463 2259 587 2286 vocant.
627 2255 710 2286 Ibid.
740 2263 777 2285 x.

137 2315 167 2342 1,
187 2315 227 2345 5:
252 2306 536 2346 Interroqationem
563 2305 684 2343 haberi,
710 2314 777 2344 quae

133 2365 194 2396 per
205 2356 432 2387 conditionales
443 2365 550 2387 servos
563 2355 709 2386 habenda
722 2358 778 2386 est.

137 2405 229 2438 Tert.
256 2415 330 2437 uses
356 2407 411 2437 the
438 2407 529 2437 word
558 2406 672 2445 Seorp.
696 2415 724 2437 c.
749 2407 778 2442 8,

137 2456 365 2487 conditionales
377 2456 480 2487 minas
492 2457 588 2497 reqis.

197 2506 212 2525 ³
232 2507 266 2536 in
292 2507 414 2537 modum
441 2507 556 2538 crucis.
600 2507 683 2538 Cod.
710 2506 777 2546 Ag.

138 2555 221 2598 xfis.
264 2557 395 2596 Gangu.
421 2556 577 2588 Christus.
621 2557 694 2588 Gel.
715 2557 779 2587 and

138 2609 262 2641 Pamel.
284 2607 370 2647 quod
386 2607 420 2638 in
442 2607 564 2638 domum
585 2607 706 2638 Christi
726 2610 780 2638 est.

137 2656 642 2697 Lacquodjnmodumchristi.
667 2656 781 2697 Rigalt

138 2718 216 2750 very
237 2707 438 2748 ingeniously
470 2707 676 2748 conjectured
708 2707 781 2738 that

845 2153 1003 2183 mistaken
1037 2153 1089 2182 for
1120 2153 1177 2182 the
1213 2161 1302 2181 more
1339 2161 1487 2182 common

846 2197 931 2242 Χῇἕ,
955 2203 1008 2233 led
1035 2206 1070 2233 to
1094 2203 1150 2232 the
1176 2202 1311 2241 reading
1330 2201 1487 2232 Christus.

846 2255 922 2294 Rig.
947 2256 1063 2293 quotes
1084 2253 1138 2282 Ad
1166 2252 1258 2282 Natt.
1287 2261 1310 2282 1.
1342 2262 1396 2283 12:
1417 2251 1488 2290 Ipsi

846 2313 968 2344 quoque
991 2303 1119 2342 corpori
1140 2306 1246 2333 nostro
1271 2303 1371 2332 tacita
1392 2305 1422 2332 et
1438 2311 1487 2331 se-

846 2358 935 2385 creta
955 2354 1040 2384 linea
1063 2354 1168 2384 crucis
1188 2353 1268 2382 situs
1295 2355 1349 2382 est.
1395 2351 1490 2390 Quod

847 2408 943 2444 caput
964 2404 1086 2441 emicat,
1107 2402 1193 2442 quod
1211 2402 1306 2441 spina
1325 2401 1488 2440 diriqitur,

847 2455 934 2495 quod
952 2455 1150 2484 humerorum
1170 2452 1344 2492 obliquatio
1358 2451 1490 2489 eaecedit,

847 2506 877 2536 si
886 2505 1036 2536 statueris
1047 2505 1198 2534 hominem
1211 2503 1355 2533 manibus
1368 2511 1489 2542 expan-

847 2556 902 2590 sis,
912 2555 1078 2595 imaqinem
1088 2553 1328 2594 crucisficeris.

903 2605 1073 2645 ”piqnerm
1095 2604 1184 2634 Thus
1192 2603 1490 2642 Cod.Ag.,Gangn.

848 2655 911 2687 and
923 2655 995 2686 Gel.
1035 2655 1121 2686 Both
1134 2655 1273 2695 pc'qnora
1281 2654 1344 2684 and
1352 2653 1492 2693 piqnera

848 2715 934 2737 were
949 2705 1039 2738 used.
