1812 2956
135 794 234 825 CAP.
250 794 310 824 vl.

119 848 295 914 E'z‘fflffi-
340 860 477 903 istam
506 860 554 902 in
583 860 769 916 publico
803 861 975 911 mundi,
1011 861 1059 904 in
1094 861 1377 905 naturalibus
1406 861 1586 912 tabulis,
1614 859 1677 904 ad

119 910 324 994 ”inisse

118 1000 322 1060 ῗιῗᾘῇῗὲἒιξ.
341 1013 465 1057 mine
494 1013 688 1057 feminae.

120 1061 135 1085 1
148 1060 206 1085 Cor.
220 1060 254 1085 xi
267 1061 304 1085 14.

342 187 429 230 128
704 191 1111 232 TERTULLIANI
1141 191 1340 232 LIBER·

133 335 236 366 CAP.
259 336 301 366 v.
344 323 568 366 teneritas
593 323 944 367 commendatur
958 324 982 367 ?

1044 323 1162 367 Tam
1184 327 1346 368 eontra
1367 328 1581 371 naturam
1604 326 1677 368 est

344 399 506 442 florem
553 399 706 455 capite
752 400 934 450 sectari,
983 414 1121 455 quam
1166 400 1321 444 eibum
1366 415 1491 453 aure,
1537 414 1676 456 quam

342 490 506 519 sonum
539 491 663 520 nare.

736 477 886 520 Omne
921 480 1078 521 autem
1113 477 1239 533 quod
1269 482 1432 522 eontra
1463 481 1676 522 naturam

340 556 427 603 est,
452 553 647 596 monstri
669 560 875 597 meretur
898 557 1057 598 notam
1071 568 1213 610 penes
1237 568 1409 605 omnes,
1427 569 1569 611 penes
1590 568 1676 598 nos

341 644 451 673 vero
497 631 639 674 etiam
685 631 890 687 elogium
935 631 1163 688 sacrilegii
1209 631 1257 674 in
1299 632 1455 676 Deum
1498 630 1676 676 natura}

342 706 581 750 dominum
605 711 654 751 et
677 711 929 752 auctorem.

445 783 664 834 Quaerens
700 783 844 840 igitur
880 783 973 827 Dei
1012 783 1166 840 legem
1201 783 1343 828 habes
1386 797 1676 828 communem

343 951 456 991 quas
480 940 529 979 et
551 937 803 993 Apostolus
833 937 952 981 solet
975 952 1239 994 provocare,
1265 942 1319 981 ut
1345 952 1450 982 cum
1479 937 1528 980 in
1557 937 1676 982 vela-

758 1014 862 1058 Nee
889 1018 1054 1058 natura
1077 1029 1170 1066 vos,
1198 1015 1360 1070 inquit,
1398 1015 1538 1059 docet
1553 1014 1577 1058 ?
1621 1017 1676 1058 ut

341 1105 447 1133 eum
478 1090 539 1133 ad
568 1091 802 1134 Romanos
833 1095 999 1135 natura
1025 1092 1180 1135 faeere
1204 1091 1363 1135 dicens
1386 1091 1597 1135 nationes
1618 1105 1675 1136 ea

120 1182 200 1207 Rom.
214 1182 238 1207 n.
252 1183 289 1207 14.
341 1181 444 1222 quae
484 1171 592 1210 sunt
630 1167 760 1223 legis,
800 1172 849 1211 et
886 1168 1041 1224 legem
1082 1167 1339 1212 naturalem
1375 1168 1586 1225 suggerit
1625 1171 1675 1212 et

339 1248 553 1288 naturam
586 1245 795 1301 legalem.
867 1245 960 1288 Sed
991 1249 1041 1289 et
1070 1246 1119 1288 in
1152 1245 1301 1302 primo
1335 1245 1563 1302 epistolae¹
1597 1260 1675 1288 na-

339 1322 537 1365 turalem
557 1336 690 1365 usum
714 1322 992 1366 conditionis
1023 1323 1070 1365 in
1099 1337 1193 1366 non
1220 1322 1477 1366 naturalem
1499 1319 1675 1366 mascu-

120 1415 198 1440 Rom.
208 1414 223 1439 i.
234 1414 272 1445 26,
283 1414 320 1441 27.
338 1398 408 1443 los
438 1402 487 1442 et
515 1399 711 1443 feminas
740 1399 863 1443 inter
890 1415 940 1444 se
970 1400 1234 1443 demutasse
1258 1400 1486 1442 affirmans
1516 1413 1578 1443 ex
1604 1413 1675 1442 re—

339 1477 593 1520 tributione
612 1477 780 1520 erroris
794 1477 843 1519 in
855 1477 1002 1521 vicem
1016 1491 1174 1533 poenae,
1189 1476 1351 1531 utique
1367 1474 1675 1519 naturalibus²

336 1553 666 1609 patrocinatur.

749 1554 907 1609 Ipsum
950 1554 1106 1597 Deum
1157 1553 1414 1597 secundum
1462 1555 1674 1595 naturam

337 1630 463 1686 prius
494 1630 715 1680 novimus,
740 1630 918 1673 seilicet
951 1630 1131 1674 Deum3
1161 1629 1444 1686 appellantes
1466 1629 1672 1680 deorum,

400 1745 460 1776 Ch.
486 1746 546 1776 VI.
592 1745 602 1764 ¹
625 1746 659 1776 in
680 1747 787 1785 primo
825 1746 973 1785 epistoloe.

341 1795 421 1825 God.
432 1795 499 1834 Ag.
507 1805 583 1834 p...,
601 1796 740 1834 epistolae
748 1807 763 1833 ;
784 1806 845 1827 one
859 1807 896 1827 οι·
909 1801 974 1827 two

337 1846 434 1876 MSS.
447 1846 562 1884 priore
577 1846 713 1885 epistola:
724 1857 739 1883 ;
762 1847 817 1876 the
830 1850 896 1876 rest
904 1847 976 1886 pri-

339 1904 393 1925 ore
401 1895 544 1934 epistola.
563 1896 667 1925 Rhen.
675 1896 818 1935 primore
830 1896 973 1935 epistola.

340 1944 435 1974 Oehl.
450 1945 531 1974 from
546 1945 682 1984 conject.
691 1945 798 1984 primo
809 1945 955 1984 epistolae.

397 1993 412 2012 ²
425 1994 634 2031 naturalibus,
645 1995 714 2024 ‘the
722 1995 786 2024 law
794 1995 830 2024 of
842 1995 977 2026 nature?

339 2044 436 2074 Oehl.
450 2044 566 2083 adopts
580 2045 644 2073 this
661 2045 796 2084 reading
816 2045 898 2075 from
919 2046 975 2076 the

339 2093 420 2123 Cod.
435 2093 501 2132 Ag.
542 2093 606 2123 For
619 2094 763 2124 naturali
776 2095 857 2131 usui,
869 2095 974 2125 which

337 2143 364 2172 is
376 2143 430 2173 the
443 2143 577 2182 reading
590 2143 627 2173 of
637 2143 692 2173 the
706 2144 798 2174 other
809 2145 901 2174 MSS.
911 2145 974 2174 and

337 2193 431 2230 Edd„
460 2192 557 2223 Oehl.
581 2195 695 2231 quotes
719 2193 860 2232 Apolog.
885 2203 911 2224 c.
938 2204 951 2223 1
964 2204 973 2225 ε

341 2241 429 2281 Quid
450 2242 508 2272 hoc
531 2241 609 2271 mali
629 2245 683 2279 est,
703 2243 789 2281 quod
810 2243 975 2273 naturalia

336 2292 415 2321 mali
440 2301 502 2321 non
524 2291 615 2321 habet
628 2290 644 2321 Ρ
664 2292 740 2321 ibid.
763 2301 790 2322 c.
814 2303 870 2324 202
891 2293 976 2331 quod

336 2345 365 2371 et
385 2341 531 2371 monstris
552 2344 581 2371 et
596 2342 753 2380 portentis
778 2343 974 2372 naturalium

327 2390 442 2429 firma
456 2391 611 2420 turbatur.

396 2439 411 2458 ⁸
429 2441 548 2470 scilicet
558 2440 657 2471 deum.
681 2441 761 2471 Cod.
777 2441 852 2480 Ag„
868 2442 971 2472 Rhen.

337 2490 400 2519 and
412 2491 565 2529 Magliab.
576 2490 632 2520 sed
644 2491 742 2521 deum.
765 2491 860 2522 Oehl.
871 2492 973 2522 shows

336 2540 378 2578 by
397 2540 556 2570 instances
580 2540 651 2570 that
671 2541 727 2571 the
749 2541 898 2580 particles
919 2542 976 2572 sed

337 2589 400 2618 and
409 2589 527 2620 scilicet
538 2599 620 2620 were
630 2590 811 2631 frequently
822 2591 974 2622 confused

336 2637 370 2669 in
385 2638 477 2669 MSS.

397 2686 412 2705 ⁴
430 2686 497 2717 Dei
510 2689 824 2730 aemulus...corrupit.
858 2691 970 2730 Comp.

1038 1746 1089 1777 De
1102 1747 1209 1786 Spect.
1223 1756 1251 1777 c.
1266 1756 1296 1779 2.
1330 1746 1454 1783 Below,
1468 1755 1495 1776 c.
1511 1748 1540 1778 8.

1098 1796 1111 1815 ⁵
1130 1796 1309 1827 succidisse.
1347 1797 1397 1826 ‘h.
1417 1805 1444 1826 e.
1467 1796 1670 1828 succubuisse.

1039 1847 1183 1887 Apolog.
1205 1857 1234 1877 c.
1250 1855 1306 1886 27:
1327 1846 1498 1877 conditioni
1519 1856 1581 1877 suae
1602 1856 1673 1878 suc-

1039 1897 1156 1928 cidunt.
1203 1897 1256 1927 De
1279 1897 1410 1927 Resurr.
1436 1896 1534 1928 earn.
1561 1906 1589 1927 c.
1615 1905 1674 1936 55:

1039 1947 1095 1977 sed
1106 1957 1166 1977 non
1179 1947 1250 1977 alia
1265 1956 1367 1986 qenua
1375 1946 1566 1986 lapidationi
1575 1946 1675 1978 succi-

1040 1997 1161 2029 derant.
1202 1997 1284 2027 Ibid.
1299 2006 1327 2028 c.
1343 1999 1400 2029 62:
1421 1997 1527 2036 utique
1542 2006 1598 2028 nec
1614 1996 1674 2027 ulli

1039 2047 1137 2077 simili
1163 2047 1337 2077 necessitati
1356 2046 1541 2077 succidendo
1561 2055 1673 2086 corpo-

1038 2097 1121 2126 ralis
1133 2095 1328 2126 conditionis.
1368 2095 1420 2125 De
1433 2095 1560 2133 Anima,
1574 2104 1603 2126 c.
1617 2104 1673 2134 43:

1038 2155 1196 2185 nunquam
1208 2145 1365 2175 succidere
1378 2145 1485 2184 quieti.
1520 2144 1616 2181 Quod
1631 2145 1674 2175 ad

1038 2204 1115 2225 rem.
1147 2195 1197 2225 Cf.
1210 2194 1293 2225 Adv.
1304 2195 1458 2234 Hermog.
1472 2203 1500 2224 c.
1517 2204 1551 2223 11
1564 2205 1572 2224 :
1595 2193 1673 2225 Cum

1038 2244 1187 2274 revelatio
1190 2244 1338 2283 filiorum
1355 2243 1406 2274 dei
1423 2243 1586 2274 redemerit
1598 2252 1672 2274 con-

1039 2293 1185 2323 ditionem
1197 2303 1219 2323 a
1231 2293 1315 2323 malo
1328 2293 1434 2333 utique
1446 2293 1583 2323 vanitati
1599 2294 1673 2324 mb-

1030 2342 1159 2380 jectam,
1179 2353 1257 2381 cum,
1280 2343 1425 2373 restituta
1448 2344 1624 2374 innocentia
1643 2347 1673 2374 et

1037 2392 1215 2431 inteqritate
1238 2393 1437 2430 conditionis,
1456 2402 1577 2432 pecora
1599 2402 1672 2424 con-

1038 2442 1177 2472 dixerint
1186 2443 1291 2473 bestiis
1301 2446 1330 2473 et
1333 2443 1465 2482 parvuli
1479 2443 1518 2474 de
1524 2443 1673 2482 serpenti-

1038 2492 1094 2522 bus
1108 2492 1259 2522 luserint!
1294 2493 1406 2523 Osnn.
1429 2493 1544 2532 Comp.
1558 2493 1672 2531 below,

1038 2551 1066 2571 c.
1091 2544 1127 2572 8:
1161 2543 1370 2581 corruptelam
1396 2543 1583 2573 conditionis
1607 2552 1672 2582 qua

1037 2592 1175 2630 subjecta
1196 2596 1241 2623 est
1261 2593 1409 2623 vanitati.
1455 2593 1515 2623 See
1541 2594 1618 2623 note
1637 2593 1670 2622 in

1040 2642 1116 2672 Oxf.
1132 2643 1244 2672 Trans.

1097 2691 1111 2710 ⁶
1130 2691 1262 2722 scientia
1284 2695 1386 2722 autem
1406 2692 1563 2732 deficiunt,
1577 2693 1671 2724 ‘defi-

1809 90 1812 95 .
1789 0 1812 80 „nn-‘i'
