<?xml version="1.0" encoding="UTF-8"?>
<!DOCTYPE html PUBLIC "-//W3C//DTD XHTML 1.0 Transitional//EN"
    "http://www.w3.org/TR/xhtml1/DTD/xhtml1-transitional.dtd">
<html xmlns="http://www.w3.org/1999/xhtml" xml:lang="en" lang="en">
 <head>
  <title>
</title>
<meta http-equiv="Content-Type" content="text/html;charset=utf-8" />
  <meta name='ocr-system' content='tesseract 3.04.00' />
  <meta name='ocr-capabilities' content='ocr_page ocr_carea ocr_par ocr_line ocrx_word'/>
</head>
<body>
  <div class='ocr_page' id='page_1' title='image "./libritresdespect00tertuoft/libritresdespect00tertuoft_0069.png"; bbox 0 0 1812 2956; ppageno 0'>
   <div class='ocr_carea' id='block_1_1' title="bbox 512 178 1467 219">
    <p class='ocr_par' dir='ltr' id='par_1_1' title="bbox 512 178 1467 219">
     <span class='ocr_line' id='line_1_1' title="bbox 512 178 1467 219; baseline 0.001 -1"><span class='ocrx_word' id='word_1_1' title='bbox 512 182 598 218; x_wconf 85' lang='lat' dir='ltr'><strong>DE</strong></span> <span class='ocrx_word' id='word_1_2' title='bbox 631 179 1068 219; x_wconf 74' lang='lat' dir='ltr'><strong><em>SPEC‘TAOULIS.</em></strong></span> <span class='ocrx_word' id='word_1_3' title='bbox 1103 187 1107 190; x_wconf 87' lang='grc'><strong>“</strong></span> <span class='ocrx_word' id='word_1_4' title='bbox 1415 178 1467 219; x_wconf 81' lang='lat' dir='ltr'><strong>ll</strong></span> 
     </span>
    </p>
   </div>
   <div class='ocr_carea' id='block_1_2' title="bbox 117 316 1679 373">
    <p class='ocr_par' dir='ltr' id='par_1_2' title="bbox 117 316 1679 373">
     <span class='ocr_line' id='line_1_2' title="bbox 117 316 1679 373; baseline -0.002 -11"><span class='ocrx_word' id='word_1_5' title='bbox 117 317 238 363; x_wconf 90' lang='lat' dir='ltr'><strong>bulis</strong></span> <span class='ocrx_word' id='word_1_6' title='bbox 260 317 310 361; x_wconf 90' lang='lat' dir='ltr'><strong>in</strong></span> <span class='ocrx_word' id='word_1_7' title='bbox 333 317 504 362; x_wconf 85' lang='lat' dir='ltr'><strong>saeculo</strong></span> <span class='ocrx_word' id='word_1_8' title='bbox 539 316 843 370; x_wconf 82' lang='lat' dir='ltr'>adoleverint,</span> <span class='ocrx_word' id='word_1_9' title='bbox 878 316 1049 361; x_wconf 82' lang='lat' dir='ltr'>exinde</span> <span class='ocrx_word' id='word_1_10' title='bbox 1072 316 1235 361; x_wconf 89' lang='lat' dir='ltr'><strong>titulos</strong></span> <span class='ocrx_word' id='word_1_11' title='bbox 1268 332 1469 373; x_wconf 87' lang='lat' dir='ltr'><strong>quorun·</strong></span> <span class='ocrx_word' id='word_1_12' title='bbox 1501 328 1602 360; x_wconf 82' lang='lat' dir='ltr'><strong>cAP.</strong></span> <span class='ocrx_word' id='word_1_13' title='bbox 1618 328 1679 360; x_wconf 85' lang='lat' dir='ltr'><strong>1v.</strong></span> 
     </span>
    </p>
   </div>
   <div class='ocr_carea' id='block_1_3' title="bbox 115 395 1472 924">
    <p class='ocr_par' dir='ltr' id='par_1_3' title="bbox 115 395 1470 845">
     <span class='ocr_line' id='line_1_3' title="bbox 117 395 1468 453; baseline 0 -13"><span class='ocrx_word' id='word_1_14' title='bbox 117 396 240 448; x_wconf 85' lang='lat' dir='ltr'><strong>dam,</strong></span> <span class='ocrx_word' id='word_1_15' title='bbox 266 395 433 452; x_wconf 89' lang='lat' dir='ltr'><strong>quibus</strong></span> <span class='ocrx_word' id='word_1_16' title='bbox 462 395 730 440; x_wconf 87' lang='lat' dir='ltr'>nominibus</span> <span class='ocrx_word' id='word_1_17' title='bbox 759 398 1101 452; x_wconf 81' lang='lat' dir='ltr'><strong>nuncupentur,</strong></span> <span class='ocrx_word' id='word_1_18' title='bbox 1131 395 1302 440; x_wconf 89' lang='lat' dir='ltr'><strong>exinde</strong></span> <span class='ocrx_word' id='word_1_19' title='bbox 1330 411 1468 453; x_wconf 90' lang='lat' dir='ltr'><strong>appa-</strong></span> 
     </span>
     <span class='ocr_line' id='line_1_4' title="bbox 115 455 1468 531; baseline 0 -12"><span class='ocrx_word' id='word_1_20' title='bbox 115 455 260 527; x_wconf 82' lang='lat' dir='ltr'><strong>ratus,</strong></span> <span class='ocrx_word' id='word_1_21' title='bbox 284 475 452 531; x_wconf 91' lang='lat' dir='ltr'><strong>quibus</strong></span> <span class='ocrx_word' id='word_1_22' title='bbox 476 474 883 531; x_wconf 80' lang='lat' dir='ltr'><strong>superstitionibus</strong></span> <span class='ocrx_word' id='word_1_23' title='bbox 906 474 1212 527; x_wconf 87' lang='lat' dir='ltr'><strong>instruantur,</strong></span> <span class='ocrx_word' id='word_1_24' title='bbox 1228 478 1330 518; x_wconf 91' lang='lat' dir='ltr'><strong>tum</strong></span> <span class='ocrx_word' id='word_1_25' title='bbox 1350 475 1468 527; x_wconf 92' lang='lat' dir='ltr'><strong>loca,</strong></span> 
     </span>
     <span class='ocr_line' id='line_1_5' title="bbox 118 552 1466 610; baseline 0 -13"><span class='ocrx_word' id='word_1_26' title='bbox 118 552 284 610; x_wconf 79' lang='lat' dir='ltr'><strong>quibus</strong></span> <span class='ocrx_word' id='word_1_27' title='bbox 300 553 571 610; x_wconf 74' lang='lat' dir='ltr'><strong>praesidibus</strong></span> <span class='ocrx_word' id='word_1_28' title='bbox 592 553 822 603; x_wconf 89' lang='lat' dir='ltr'><strong>dicentur,</strong></span> <span class='ocrx_word' id='word_1_29' title='bbox 838 555 940 596; x_wconf 92' lang='lat' dir='ltr'><strong>tum</strong></span> <span class='ocrx_word' id='word_1_30' title='bbox 964 556 1103 603; x_wconf 89' lang='lat' dir='ltr'><strong>artes,</strong></span> <span class='ocrx_word' id='word_1_31' title='bbox 1120 552 1287 608; x_wconf 91' lang='lat' dir='ltr'><strong>quibus</strong></span> <span class='ocrx_word' id='word_1_32' title='bbox 1305 556 1466 597; x_wconf 91' lang='lat' dir='ltr'><strong>aucto-</strong></span> 
     </span>
     <span class='ocr_line' id='line_1_6' title="bbox 117 630 1470 688; baseline -0.001 -12"><span class='ocrx_word' id='word_1_33' title='bbox 117 631 269 676; x_wconf 78' lang='lat' dir='ltr'><strong>ribus³</strong></span> <span class='ocrx_word' id='word_1_34' title='bbox 292 631 593 688; x_wconf 88' lang='lat' dir='ltr'><strong>deputentur.</strong></span> <span class='ocrx_word' id='word_1_35' title='bbox 666 631 715 675; x_wconf 88' lang='lat' dir='ltr'><strong>Si</strong></span> <span class='ocrx_word' id='word_1_36' title='bbox 740 630 852 686; x_wconf 92' lang='lat' dir='ltr'><strong>quid</strong></span> <span class='ocrx_word' id='word_1_37' title='bbox 875 645 936 674; x_wconf 87' lang='lat' dir='ltr'><strong>ex</strong></span> <span class='ocrx_word' id='word_1_38' title='bbox 967 631 1038 674; x_wconf 90' lang='lat' dir='ltr'><strong>his</strong></span> <span class='ocrx_word' id='word_1_39' title='bbox 1074 646 1168 674; x_wconf 91' lang='lat' dir='ltr'><strong>non</strong></span> <span class='ocrx_word' id='word_1_40' title='bbox 1199 631 1261 675; x_wconf 87' lang='lat' dir='ltr'><strong>ad</strong></span> <span class='ocrx_word' id='word_1_41' title='bbox 1291 631 1470 675; x_wconf 90' lang='lat' dir='ltr'><strong>idolum</strong></span> 
     </span>
     <span class='ocr_line' id='line_1_7' title="bbox 118 709 1470 768; baseline -0.001 -13"><span class='ocrx_word' id='word_1_42' title='bbox 118 709 413 768; x_wconf 78' lang='lat' dir='ltr'><strong>pertinuerit,</strong></span> <span class='ocrx_word' id='word_1_43' title='bbox 437 710 488 753; x_wconf 93' lang='lat' dir='ltr'><strong>id</strong></span> <span class='ocrx_word' id='word_1_44' title='bbox 518 724 671 768; x_wconf 91' lang='lat' dir='ltr'><strong>neque</strong></span> <span class='ocrx_word' id='word_1_45' title='bbox 694 710 756 753; x_wconf 90' lang='lat' dir='ltr'><strong>ad</strong></span> <span class='ocrx_word' id='word_1_46' title='bbox 773 709 1085 754; x_wconf 86' lang='lat' dir='ltr'><strong>idololatriam</strong></span> <span class='ocrx_word' id='word_1_47' title='bbox 1104 725 1257 766; x_wconf 90' lang='lat' dir='ltr'><strong>neque</strong></span> <span class='ocrx_word' id='word_1_48' title='bbox 1281 710 1343 754; x_wconf 91' lang='lat' dir='ltr'><strong>ad</strong></span> <span class='ocrx_word' id='word_1_49' title='bbox 1366 725 1470 755; x_wconf 90' lang='lat' dir='ltr'><strong>nos-</strong></span> 
     </span>
     <span class='ocr_line' id='line_1_8' title="bbox 117 788 860 845; baseline 0.001 -14"><span class='ocrx_word' id='word_1_50' title='bbox 117 792 240 832; x_wconf 82' lang='lat' dir='ltr'><strong>tram</strong></span> <span class='ocrx_word' id='word_1_51' title='bbox 264 788 569 845; x_wconf 79' lang='lat' dir='ltr'><strong>ejerationem</strong></span> <span class='ocrx_word' id='word_1_52' title='bbox 590 788 860 844; x_wconf 85' lang='lat' dir='ltr'><strong>pertinebit.</strong></span> 
     </span>
    </p>

    <p class='ocr_par' dir='ltr' id='par_1_4' title="bbox 217 866 1472 924">
     <span class='ocr_line' id='line_1_9' title="bbox 217 866 1472 924; baseline 0 -14"><span class='ocrx_word' id='word_1_53' title='bbox 217 866 295 910; x_wconf 93' lang='lat' dir='ltr'><strong>De</strong></span> <span class='ocrx_word' id='word_1_54' title='bbox 318 866 575 924; x_wconf 88' lang='lat' dir='ltr'><strong>originibus</strong></span> <span class='ocrx_word' id='word_1_55' title='bbox 601 866 803 921; x_wconf 91' lang='lat' dir='ltr'><strong>quidem,</strong></span> <span class='ocrx_word' id='word_1_56' title='bbox 827 869 882 909; x_wconf 92' lang='lat' dir='ltr'><strong>ut</strong></span> <span class='ocrx_word' id='word_1_57' title='bbox 909 866 1242 910; x_wconf 86' lang='lat' dir='ltr'><strong>secretioribus</strong></span> <span class='ocrx_word' id='word_1_58' title='bbox 1263 870 1314 911; x_wconf 90' lang='lat' dir='ltr'><strong>et</strong></span> <span class='ocrx_word' id='word_1_59' title='bbox 1336 866 1472 923; x_wconf 88' lang='lat' dir='ltr'><strong>igno-</strong></span> 
     </span>
    </p>
   </div>
   <div class='ocr_carea' id='block_1_4' title="bbox 1488 388 1692 393">
    <p class='ocr_par' dir='ltr' id='par_1_5' title="bbox 1488 388 1692 393">
     <span class='ocr_line' id='line_1_10' title="bbox 1488 388 1692 393; baseline 0 0"><span class='ocrx_word' id='word_1_60' title='bbox 1488 388 1692 393; x_wconf 95' lang='lat' dir='ltr'><strong> </strong></span> 
     </span>
    </p>
   </div>
   <div class='ocr_carea' id='block_1_5' title="bbox 1510 876 1670 908">
    <p class='ocr_par' dir='ltr' id='par_1_6' title="bbox 1510 876 1670 908">
     <span class='ocr_line' id='line_1_11' title="bbox 1510 876 1670 908; baseline 0 0"><span class='ocrx_word' id='word_1_61' title='bbox 1510 876 1610 908; x_wconf 88' lang='lat' dir='ltr'><strong>CAP.</strong></span> <span class='ocrx_word' id='word_1_62' title='bbox 1626 876 1670 908; x_wconf 89' lang='lat' dir='ltr'><strong>V.</strong></span> 
     </span>
    </p>
   </div>
   <div class='ocr_carea' id='block_1_6' title="bbox 1487 933 1683 960">
    <p class='ocr_par' dir='ltr' id='par_1_7' title="bbox 1487 933 1683 960">
     <span class='ocr_line' id='line_1_12' title="bbox 1487 933 1683 960; baseline -0.01 0"><span class='ocrx_word' id='word_1_63' title='bbox 1487 935 1544 960; x_wconf 80' lang='lat' dir='ltr'><strong>The</strong></span> <span class='ocrx_word' id='word_1_64' title='bbox 1555 934 1595 959; x_wconf 85' lang='lat' dir='ltr'><strong>ori</strong></span> <span class='ocrx_word' id='word_1_65' title='bbox 1614 934 1642 958; x_wconf 91' lang='lat' dir='ltr'><strong>in</strong></span> <span class='ocrx_word' id='word_1_66' title='bbox 1653 933 1683 958; x_wconf 68' lang='grc' dir='ltr'><strong>οῖ</strong></span> 
     </span>
    </p>
   </div>
   <div class='ocr_carea' id='block_1_7' title="bbox 117 943 1693 1002">
    <p class='ocr_par' dir='ltr' id='par_1_8' title="bbox 117 943 1693 1002">
     <span class='ocr_line' id='line_1_13' title="bbox 117 943 1693 1002; baseline 0.001 -14"><span class='ocrx_word' id='word_1_67' title='bbox 117 944 180 988; x_wconf 86' lang='lat' dir='ltr'><strong>tis</strong></span> <span class='ocrx_word' id='word_1_68' title='bbox 197 959 342 1002; x_wconf 87' lang='lat' dir='ltr'><strong>penes</strong></span> <span class='ocrx_word' id='word_1_69' title='bbox 361 944 519 1002; x_wconf 89' lang='lat' dir='ltr'><strong>plures</strong></span> <span class='ocrx_word' id='word_1_70' title='bbox 542 947 822 995; x_wconf 89' lang='lat' dir='ltr'><strong>nostrorum,</strong></span> <span class='ocrx_word' id='word_1_71' title='bbox 839 943 978 988; x_wconf 91' lang='lat' dir='ltr'><strong>altius</strong></span> <span class='ocrx_word' id='word_1_72' title='bbox 1000 958 1089 988; x_wconf 89' lang='lat' dir='ltr'><strong>nec</strong></span> <span class='ocrx_word' id='word_1_73' title='bbox 1107 944 1294 988; x_wconf 86' lang='lat' dir='ltr'><strong>aliunde</strong></span> <span class='ocrx_word' id='word_1_74' title='bbox 1319 945 1470 989; x_wconf 90' lang='lat' dir='ltr'><strong>inves-</strong></span> <span class='ocrx_word' id='word_1_75' title='bbox 1487 965 1580 1002; x_wconf 63' lang='lat' dir='ltr'><strong>,mnne</strong></span> <span class='ocrx_word' id='word_1_76' title='bbox 1617 971 1693 990; x_wconf 69' lang='lat' dir='ltr'><strong>ames</strong></span> 
     </span>
    </p>
   </div>
   <div class='ocr_carea' id='block_1_8' title="bbox 116 1022 1477 2093">
    <p class='ocr_par' dir='ltr' id='par_1_9' title="bbox 116 1022 1477 2093">
     <span class='ocr_line' id='line_1_14' title="bbox 117 1022 1469 1080; baseline -0.001 -14"><span class='ocrx_word' id='word_1_77' title='bbox 117 1023 364 1080; x_wconf 81' lang='lat' dir='ltr'><strong>tigandum</strong></span> <span class='ocrx_word' id='word_1_78' title='bbox 402 1022 507 1074; x_wconf 91' lang='lat' dir='ltr'><strong>fuit,</strong></span> <span class='ocrx_word' id='word_1_79' title='bbox 544 1037 684 1078; x_wconf 90' lang='lat' dir='ltr'><strong>quam</strong></span> <span class='ocrx_word' id='word_1_80' title='bbox 720 1022 780 1066; x_wconf 94' lang='lat' dir='ltr'><strong>de</strong></span> <span class='ocrx_word' id='word_1_81' title='bbox 812 1022 1136 1067; x_wconf 80' lang='lat' dir='ltr'><strong>instrumentis</strong></span> <span class='ocrx_word' id='word_1_82' title='bbox 1166 1022 1469 1066; x_wconf 80' lang='lat' dir='ltr'><strong>ethnicalium</strong></span> 
     </span>
     <span class='ocr_line' id='line_1_15' title="bbox 116 1100 1467 1158; baseline 0 -13"><span class='ocrx_word' id='word_1_83' title='bbox 116 1101 393 1146; x_wconf 84' lang='lat' dir='ltr'><strong>litterarum.</strong></span> <span class='ocrx_word' id='word_1_84' title='bbox 463 1101 668 1144; x_wconf 87' lang='lat' dir='ltr'><strong>Exstant</strong></span> <span class='ocrx_word' id='word_1_85' title='bbox 691 1103 908 1144; x_wconf 90' lang='lat' dir='ltr'><strong>auctores</strong></span> <span class='ocrx_word' id='word_1_86' title='bbox 939 1100 1075 1143; x_wconf 90' lang='lat' dir='ltr'><strong>multi</strong></span> <span class='ocrx_word' id='word_1_87' title='bbox 1100 1100 1179 1156; x_wconf 90' lang='lat' dir='ltr'><strong>qui</strong></span> <span class='ocrx_word' id='word_1_88' title='bbox 1213 1115 1352 1158; x_wconf 90' lang='lat' dir='ltr'><strong>super</strong></span> <span class='ocrx_word' id='word_1_89' title='bbox 1375 1101 1467 1145; x_wconf 86' lang='lat' dir='ltr'><strong>ista</strong></span> 
     </span>
     <span class='ocr_line' id='line_1_16' title="bbox 119 1178 1471 1235; baseline -0.001 -12"><span class='ocrx_word' id='word_1_90' title='bbox 119 1193 172 1223; x_wconf 88' lang='lat' dir='ltr'><strong>re</strong></span> <span class='ocrx_word' id='word_1_91' title='bbox 196 1179 556 1223; x_wconf 90' lang='lat' dir='ltr'><strong>commentarios</strong></span> <span class='ocrx_word' id='word_1_92' title='bbox 581 1179 846 1223; x_wconf 89' lang='lat' dir='ltr'><strong>ediderunt.</strong></span> <span class='ocrx_word' id='word_1_93' title='bbox 901 1179 979 1222; x_wconf 89' lang='lat' dir='ltr'><strong>Ab</strong></span> <span class='ocrx_word' id='word_1_94' title='bbox 1003 1178 1074 1223; x_wconf 89' lang='lat' dir='ltr'><strong>his</strong></span> <span class='ocrx_word' id='word_1_95' title='bbox 1094 1179 1312 1223; x_wconf 90' lang='lat' dir='ltr'><strong>ludorum</strong></span> <span class='ocrx_word' id='word_1_96' title='bbox 1337 1179 1471 1235; x_wconf 87' lang='lat' dir='ltr'><strong>origo</strong></span> 
     </span>
     <span class='ocr_line' id='line_1_17' title="bbox 119 1256 1472 1314; baseline -0.001 -13"><span class='ocrx_word' id='word_1_97' title='bbox 119 1257 186 1301; x_wconf 88' lang='lat' dir='ltr'><strong>sic</strong></span> <span class='ocrx_word' id='word_1_98' title='bbox 209 1257 425 1301; x_wconf 86' lang='lat' dir='ltr'><strong>traditur.</strong></span> <span class='ocrx_word' id='word_1_99' title='bbox 475 1257 658 1314; x_wconf 83' lang='lat' dir='ltr'><strong>Lydosl</strong></span> <span class='ocrx_word' id='word_1_100' title='bbox 685 1272 746 1301; x_wconf 89' lang='lat' dir='ltr'><strong>ex</strong></span> <span class='ocrx_word' id='word_1_101' title='bbox 769 1257 885 1300; x_wconf 91' lang='lat' dir='ltr'><strong>Asia</strong></span> <span class='ocrx_word' id='word_1_102' title='bbox 905 1260 1177 1300; x_wconf 88' lang='lat' dir='ltr'><strong>transvenas</strong></span> <span class='ocrx_word' id='word_1_103' title='bbox 1207 1256 1256 1299; x_wconf 91' lang='lat' dir='ltr'><strong>in</strong></span> <span class='ocrx_word' id='word_1_104' title='bbox 1280 1257 1472 1300; x_wconf 90' lang='lat' dir='ltr'><strong>Etruria</strong></span> 
     </span>
     <span class='ocr_line' id='line_1_18' title="bbox 121 1334 1472 1391; baseline -0.001 -12"><span class='ocrx_word' id='word_1_105' title='bbox 121 1334 387 1379; x_wconf 86' lang='lat' dir='ltr'><strong>consedisse</strong></span> <span class='ocrx_word' id='word_1_106' title='bbox 434 1334 640 1378; x_wconf 88' lang='lat' dir='ltr'><strong>Timaeus</strong></span> <span class='ocrx_word' id='word_1_107' title='bbox 698 1335 859 1385; x_wconf 88' lang='lat' dir='ltr'><strong>refert,</strong></span> <span class='ocrx_word' id='word_1_108' title='bbox 909 1334 1030 1378; x_wconf 91' lang='lat' dir='ltr'><strong>duce</strong></span> <span class='ocrx_word' id='word_1_109' title='bbox 1084 1334 1342 1391; x_wconf 84' lang='lat' dir='ltr'><strong>Tyrrheno,</strong></span> <span class='ocrx_word' id='word_1_110' title='bbox 1392 1335 1472 1390; x_wconf 91' lang='lat' dir='ltr'><strong>qui</strong></span> 
     </span>
     <span class='ocr_line' id='line_1_19' title="bbox 119 1412 1472 1469; baseline -0.001 -13"><span class='ocrx_word' id='word_1_111' title='bbox 119 1412 256 1456; x_wconf 80' lang='lat' dir='ltr'><strong>fratri</strong></span> <span class='ocrx_word' id='word_1_112' title='bbox 296 1427 383 1456; x_wconf 90' lang='lat' dir='ltr'><strong>suo</strong></span> <span class='ocrx_word' id='word_1_113' title='bbox 423 1415 630 1456; x_wconf 87' lang='lat' dir='ltr'><strong>cesserat</strong></span> <span class='ocrx_word' id='word_1_114' title='bbox 669 1412 805 1469; x_wconf 90' lang='lat' dir='ltr'><strong>regni</strong></span> <span class='ocrx_word' id='word_1_115' title='bbox 843 1412 1160 1456; x_wconf 82' lang='lat' dir='ltr'><strong>contentione.</strong></span> <span class='ocrx_word' id='word_1_116' title='bbox 1233 1412 1387 1469; x_wconf 84' lang='lat' dir='ltr'><strong>Igitur</strong></span> <span class='ocrx_word' id='word_1_117' title='bbox 1422 1412 1472 1455; x_wconf 93' lang='lat' dir='ltr'><strong>in</strong></span> 
     </span>
     <span class='ocr_line' id='line_1_20' title="bbox 120 1490 1474 1546; baseline -0.001 -12"><span class='ocrx_word' id='word_1_118' title='bbox 120 1491 312 1535; x_wconf 87' lang='lat' dir='ltr'><strong>Etruria</strong></span> <span class='ocrx_word' id='word_1_119' title='bbox 346 1490 470 1534; x_wconf 90' lang='lat' dir='ltr'><strong>inter</strong></span> <span class='ocrx_word' id='word_1_120' title='bbox 505 1494 689 1534; x_wconf 86' lang='lat' dir='ltr'><strong>ceteros</strong></span> <span class='ocrx_word' id='word_1_121' title='bbox 721 1490 840 1533; x_wconf 89' lang='lat' dir='ltr'><strong>ritus</strong></span> <span class='ocrx_word' id='word_1_122' title='bbox 872 1490 1256 1546; x_wconf 89' lang='lat' dir='ltr'><strong>superstitionum</strong></span> <span class='ocrx_word' id='word_1_123' title='bbox 1286 1505 1474 1534; x_wconf 88' lang='lat' dir='ltr'><strong>suarum</strong></span> 
     </span>
     <span class='ocr_line' id='line_1_21' title="bbox 121 1568 1472 1625; baseline -0.001 -13"><span class='ocrx_word' id='word_1_124' title='bbox 121 1568 389 1625; x_wconf 86' lang='lat' dir='ltr'><strong>spectacula</strong></span> <span class='ocrx_word' id='word_1_125' title='bbox 433 1583 622 1624; x_wconf 90' lang='lat' dir='ltr'><strong>quoque</strong></span> <span class='ocrx_word' id='word_1_126' title='bbox 667 1568 907 1625; x_wconf 87' lang='lat' dir='ltr'><strong>religionis</strong></span> <span class='ocrx_word' id='word_1_127' title='bbox 961 1568 1151 1613; x_wconf 88' lang='lat' dir='ltr'><strong>nomine</strong></span> <span class='ocrx_word' id='word_1_128' title='bbox 1205 1568 1472 1612; x_wconf 90' lang='lat' dir='ltr'><strong>instituunt.</strong></span> 
     </span>
     <span class='ocr_line' id='line_1_22' title="bbox 120 1646 1474 1697; baseline 0 -7"><span class='ocrx_word' id='word_1_129' title='bbox 120 1646 240 1690; x_wconf 92' lang='lat' dir='ltr'><strong>Inde</strong></span> <span class='ocrx_word' id='word_1_130' title='bbox 271 1647 496 1690; x_wconf 81' lang='lat' dir='ltr'><strong>Romani2</strong></span> <span class='ocrx_word' id='word_1_131' title='bbox 527 1647 775 1690; x_wconf 88' lang='lat' dir='ltr'><strong>arcessitos</strong></span> <span class='ocrx_word' id='word_1_132' title='bbox 806 1646 1008 1690; x_wconf 91' lang='lat' dir='ltr'><strong>artifices</strong></span> <span class='ocrx_word' id='word_1_133' title='bbox 1036 1650 1324 1697; x_wconf 82' lang='lat' dir='ltr'><strong>mutuantur,</strong></span> <span class='ocrx_word' id='word_1_134' title='bbox 1357 1649 1474 1690; x_wconf 88' lang='lat' dir='ltr'><strong>tem-</strong></span> 
     </span>
     <span class='ocr_line' id='line_1_23' title="bbox 119 1724 1476 1782; baseline 0 -14"><span class='ocrx_word' id='word_1_135' title='bbox 119 1738 219 1782; x_wconf 89' lang='lat' dir='ltr'><strong>pus,</strong></span> <span class='ocrx_word' id='word_1_136' title='bbox 235 1724 619 1776; x_wconf 89' lang='lat' dir='ltr'><strong>enuntiationem,</strong></span> <span class='ocrx_word' id='word_1_137' title='bbox 635 1729 690 1768; x_wconf 93' lang='lat' dir='ltr'><strong>ut</strong></span> <span class='ocrx_word' id='word_1_138' title='bbox 712 1725 811 1768; x_wconf 92' lang='lat' dir='ltr'><strong>ludi</strong></span> <span class='ocrx_word' id='word_1_139' title='bbox 834 1740 862 1768; x_wconf 95' lang='lat' dir='ltr'><strong>a</strong></span> <span class='ocrx_word' id='word_1_140' title='bbox 880 1725 1026 1782; x_wconf 87' lang='lat' dir='ltr'><strong>Lydis</strong></span> <span class='ocrx_word' id='word_1_141' title='bbox 1048 1728 1340 1769; x_wconf 88' lang='lat' dir='ltr'><strong>vocarentur.</strong></span> <span class='ocrx_word' id='word_1_142' title='bbox 1380 1724 1476 1768; x_wconf 87' lang='lat' dir='ltr'><strong>Sed</strong></span> 
     </span>
     <span class='ocr_line' id='line_1_24' title="bbox 121 1799 1473 1857; baseline -0.001 -13"><span class='ocrx_word' id='word_1_143' title='bbox 121 1799 212 1844; x_wconf 87' lang='lat' dir='ltr'><strong>etsi</strong></span> <span class='ocrx_word' id='word_1_144' title='bbox 235 1799 387 1844; x_wconf 89' lang='lat' dir='ltr'><strong>Varro</strong></span> <span class='ocrx_word' id='word_1_145' title='bbox 410 1800 545 1844; x_wconf 88' lang='lat' dir='ltr'><strong>ludos</strong></span> <span class='ocrx_word' id='word_1_146' title='bbox 569 1816 598 1844; x_wconf 93' lang='lat' dir='ltr'><strong>a</strong></span> <span class='ocrx_word' id='word_1_147' title='bbox 620 1801 745 1851; x_wconf 93' lang='lat' dir='ltr'><strong>ludo,</strong></span> <span class='ocrx_word' id='word_1_148' title='bbox 768 1800 819 1844; x_wconf 93' lang='lat' dir='ltr'><strong>id</strong></span> <span class='ocrx_word' id='word_1_149' title='bbox 843 1804 916 1844; x_wconf 92' lang='lat' dir='ltr'><strong>est</strong></span> <span class='ocrx_word' id='word_1_150' title='bbox 940 1815 968 1843; x_wconf 89' lang='lat' dir='ltr'><strong>a</strong></span> <span class='ocrx_word' id='word_1_151' title='bbox 991 1800 1096 1844; x_wconf 90' lang='lat' dir='ltr'><strong>lusu</strong></span> <span class='ocrx_word' id='word_1_152' title='bbox 1120 1801 1473 1857; x_wconf 87' lang='lat' dir='ltr'><strong>interpretatur,</strong></span> 
     </span>
     <span class='ocr_line' id='line_1_25' title="bbox 122 1863 1474 1934; baseline 0.001 -14"><span class='ocrx_word' id='word_1_153' title='bbox 122 1877 244 1921; x_wconf 87' lang='lat' dir='ltr'><strong>sicut</strong></span> <span class='ocrx_word' id='word_1_154' title='bbox 265 1881 315 1921; x_wconf 90' lang='lat' dir='ltr'><strong>et</strong></span> <span class='ocrx_word' id='word_1_155' title='bbox 338 1878 580 1934; x_wconf 90' lang='lat' dir='ltr'><strong>Lupercos</strong></span> <span class='ocrx_word' id='word_1_156' title='bbox 603 1878 763 1922; x_wconf 84' lang='lat' dir='ltr'><strong>ludos3</strong></span> <span class='ocrx_word' id='word_1_157' title='bbox 786 1878 1096 1934; x_wconf 90' lang='lat' dir='ltr'><strong>appellabant,</strong></span> <span class='ocrx_word' id='word_1_158' title='bbox 1118 1863 1245 1932; x_wconf 89' lang='lat' dir='ltr'><strong>quod</strong></span> <span class='ocrx_word' id='word_1_159' title='bbox 1266 1878 1474 1921; x_wconf 92' lang='lat' dir='ltr'><strong>ludendo</strong></span> 
     </span>
     <span class='ocr_line' id='line_1_26' title="bbox 125 1954 1474 2010; baseline 0.001 -13"><span class='ocrx_word' id='word_1_160' title='bbox 125 1954 406 2005; x_wconf 89' lang='lat' dir='ltr'><strong>discurrunt,</strong></span> <span class='ocrx_word' id='word_1_161' title='bbox 443 1958 604 1998; x_wconf 91' lang='lat' dir='ltr'><strong>tamen</strong></span> <span class='ocrx_word' id='word_1_162' title='bbox 643 1969 751 1998; x_wconf 91' lang='lat' dir='ltr'><strong>eum</strong></span> <span class='ocrx_word' id='word_1_163' title='bbox 788 1955 940 1998; x_wconf 92' lang='lat' dir='ltr'><strong>lusum</strong></span> <span class='ocrx_word' id='word_1_164' title='bbox 967 1955 1196 2010; x_wconf 84' lang='lat' dir='ltr'><strong>juvenum</strong></span> <span class='ocrx_word' id='word_1_165' title='bbox 1231 1957 1280 1998; x_wconf 90' lang='lat' dir='ltr'><strong>et</strong></span> <span class='ocrx_word' id='word_1_166' title='bbox 1309 1954 1474 1998; x_wconf 88' lang='lat' dir='ltr'><strong>diebus</strong></span> 
     </span>
     <span class='ocr_line' id='line_1_27' title="bbox 121 2030 1477 2093; baseline -0.001 -17"><span class='ocrx_word' id='word_1_167' title='bbox 121 2031 254 2093; x_wconf 74' lang='lat' dir='ltr'><strong>festis</strong></span> <span class='ocrx_word' id='word_1_168' title='bbox 270 2038 319 2075; x_wconf 91' lang='lat' dir='ltr'><strong>et</strong></span> <span class='ocrx_word' id='word_1_169' title='bbox 342 2032 529 2090; x_wconf 90' lang='lat' dir='ltr'><strong>templis</strong></span> <span class='ocrx_word' id='word_1_170' title='bbox 545 2036 594 2075; x_wconf 92' lang='lat' dir='ltr'><strong>et</strong></span> <span class='ocrx_word' id='word_1_171' title='bbox 616 2031 920 2089; x_wconf 88' lang='lat' dir='ltr'><strong>religionibus</strong></span> <span class='ocrx_word' id='word_1_172' title='bbox 943 2034 1145 2088; x_wconf 87' lang='lat' dir='ltr'><strong>reputat.</strong></span> <span class='ocrx_word' id='word_1_173' title='bbox 1204 2030 1335 2074; x_wconf 88' lang='lat' dir='ltr'><strong>Nihil</strong></span> <span class='ocrx_word' id='word_1_174' title='bbox 1350 2031 1477 2088; x_wconf 78' lang='lat' dir='ltr'><strong>jam⁴</strong></span> 
     </span>
    </p>
   </div>
   <div class='ocr_carea' id='block_1_9' title="bbox 121 2156 767 2739">
    <p class='ocr_par' dir='ltr' id='par_1_10' title="bbox 121 2156 764 2446">
     <span class='ocr_line' id='line_1_28' title="bbox 123 2156 764 2196; baseline -0.002 -8"><span class='ocrx_word' id='word_1_175' title='bbox 123 2156 217 2188; x_wconf 81' lang='lat' dir='ltr'><strong>Orat.</strong></span> <span class='ocrx_word' id='word_1_176' title='bbox 234 2165 261 2187; x_wconf 87' lang='grc' dir='ltr'><strong>ο.</strong></span> <span class='ocrx_word' id='word_1_177' title='bbox 278 2166 326 2194; x_wconf 85' lang='lat'><strong>22,</strong></span> <span class='ocrx_word' id='word_1_178' title='bbox 340 2157 484 2196; x_wconf 71' lang='lat' dir='ltr'><strong>grounds</strong></span> <span class='ocrx_word' id='word_1_179' title='bbox 506 2166 547 2186; x_wconf 82' lang='lat' dir='ltr'><strong>an</strong></span> <span class='ocrx_word' id='word_1_180' title='bbox 569 2156 764 2196; x_wconf 81' lang='lat' dir='ltr'><strong>interpreta-</strong></span> 
     </span>
     <span class='ocr_line' id='line_1_29' title="bbox 121 2206 764 2246; baseline 0 -9"><span class='ocrx_word' id='word_1_181' title='bbox 121 2207 191 2238; x_wconf 83' lang='lat' dir='ltr'><strong>tion</strong></span> <span class='ocrx_word' id='word_1_182' title='bbox 204 2207 241 2238; x_wconf 65' lang='grc' dir='ltr'><strong>οἱ</strong></span> <span class='ocrx_word' id='word_1_183' title='bbox 253 2217 268 2237; x_wconf 91' lang='lat'>1</span> <span class='ocrx_word' id='word_1_184' title='bbox 282 2207 357 2237; x_wconf 86' lang='lat' dir='ltr'><strong>Cor.</strong></span> <span class='ocrx_word' id='word_1_185' title='bbox 373 2207 416 2238; x_wconf 85' lang='lat' dir='ltr'><strong>xi.</strong></span> <span class='ocrx_word' id='word_1_186' title='bbox 436 2210 467 2245; x_wconf 90' lang='lat'><strong>6,</strong></span> <span class='ocrx_word' id='word_1_187' title='bbox 483 2206 537 2237; x_wconf 71' lang='grc' dir='ltr'><strong>δαὶ</strong></span> <span class='ocrx_word' id='word_1_188' title='bbox 557 2207 636 2237; x_wconf 71' lang='grc' dir='ltr'>τοὺς</span> <span class='ocrx_word' id='word_1_189' title='bbox 656 2207 764 2246; x_wconf 82' lang='grc' dir='ltr'><em>ἀγγέ-</em></span> 
     </span>
     <span class='ocr_line' id='line_1_30' title="bbox 121 2257 764 2297; baseline -0.002 -9"><span class='ocrx_word' id='word_1_190' title='bbox 121 2257 211 2295; x_wconf 70' lang='grc' dir='ltr'><strong>λους,</strong></span> <span class='ocrx_word' id='word_1_191' title='bbox 224 2260 360 2297; x_wconf 78' lang='lat' dir='ltr'><strong>propter</strong></span> <span class='ocrx_word' id='word_1_192' title='bbox 373 2257 511 2297; x_wconf 78' lang='lat' dir='ltr'><strong>anqelos,</strong></span> <span class='ocrx_word' id='word_1_193' title='bbox 526 2260 561 2287; x_wconf 92' lang='lat' dir='ltr'><strong>to</strong></span> <span class='ocrx_word' id='word_1_194' title='bbox 576 2258 694 2287; x_wconf 86' lang='lat' dir='ltr'><strong>denote</strong></span> <span class='ocrx_word' id='word_1_195' title='bbox 708 2258 764 2287; x_wconf 88' lang='lat' dir='ltr'><strong>the</strong></span> 
     </span>
     <span class='ocr_line' id='line_1_31' title="bbox 121 2307 764 2347; baseline 0.002 -10"><span class='ocrx_word' id='word_1_196' title='bbox 121 2307 295 2337; x_wconf 80' lang='lat' dir='ltr'><strong>rebellious</strong></span> <span class='ocrx_word' id='word_1_197' title='bbox 327 2308 440 2347; x_wconf 85' lang='lat' dir='ltr'><strong>angels</strong></span> <span class='ocrx_word' id='word_1_198' title='bbox 472 2308 634 2347; x_wconf 82' lang='lat' dir='ltr'><strong>supposed</strong></span> <span class='ocrx_word' id='word_1_199' title='bbox 661 2310 696 2338; x_wconf 90' lang='lat' dir='ltr'><strong>to</strong></span> <span class='ocrx_word' id='word_1_200' title='bbox 723 2308 764 2337; x_wconf 91' lang='lat' dir='ltr'><strong>be</strong></span> 
     </span>
     <span class='ocr_line' id='line_1_32' title="bbox 122 2358 764 2389; baseline 0 -1"><span class='ocrx_word' id='word_1_201' title='bbox 122 2358 310 2388; x_wconf 82' lang='lat' dir='ltr'><strong>mentioned</strong></span> <span class='ocrx_word' id='word_1_202' title='bbox 332 2358 365 2387; x_wconf 90' lang='lat' dir='ltr'><strong>in</strong></span> <span class='ocrx_word' id='word_1_203' title='bbox 387 2358 470 2389; x_wconf 91' lang='lat' dir='ltr'><strong>Gen.</strong></span> <span class='ocrx_word' id='word_1_204' title='bbox 490 2358 536 2389; x_wconf 84' lang='lat' dir='ltr'><strong>vi.</strong></span> <span class='ocrx_word' id='word_1_205' title='bbox 559 2368 586 2389; x_wconf 92' lang='lat'><strong>1.</strong></span> <span class='ocrx_word' id='word_1_206' title='bbox 631 2358 693 2389; x_wconf 87' lang='lat' dir='ltr'><strong>See</strong></span> <span class='ocrx_word' id='word_1_207' title='bbox 713 2358 764 2388; x_wconf 90' lang='lat' dir='ltr'><strong>De</strong></span> 
     </span>
     <span class='ocr_line' id='line_1_33' title="bbox 123 2400 385 2446; baseline 0 -9"><span class='ocrx_word' id='word_1_208' title='bbox 123 2400 206 2438; x_wconf 79' lang='lat' dir='ltr'><strong>Idol.</strong></span> <span class='ocrx_word' id='word_1_209' title='bbox 222 2416 252 2440; x_wconf 85' lang='lat' dir='ltr'><strong>c.</strong></span> <span class='ocrx_word' id='word_1_210' title='bbox 265 2418 294 2446; x_wconf 93' lang='lat'><strong>9,</strong></span> <span class='ocrx_word' id='word_1_211' title='bbox 308 2417 340 2438; x_wconf 92' lang='lat' dir='ltr'><strong>n.</strong></span> <span class='ocrx_word' id='word_1_212' title='bbox 356 2417 385 2446; x_wconf 81' lang='lat'><strong>4.</strong></span> 
     </span>
    </p>

    <p class='ocr_par' dir='ltr' id='par_1_11' title="bbox 122 2456 765 2598">
     <span class='ocr_line' id='line_1_34' title="bbox 183 2456 765 2497; baseline 0.002 -10"><span class='ocrx_word' id='word_1_213' title='bbox 183 2456 198 2476; x_wconf 83' lang='lat'>⁸</span> <span class='ocrx_word' id='word_1_214' title='bbox 217 2458 330 2497; x_wconf 69' lang='lat' dir='ltr'><strong>quibus</strong></span> <span class='ocrx_word' id='word_1_215' title='bbox 361 2458 552 2496; x_wconf 74' lang='lat' dir='ltr'><strong>auctoribus,</strong></span> <span class='ocrx_word' id='word_1_216' title='bbox 586 2460 642 2488; x_wconf 86' lang='lat' dir='ltr'><strong>‘to</strong></span> <span class='ocrx_word' id='word_1_217' title='bbox 675 2458 765 2489; x_wconf 88' lang='lat' dir='ltr'><strong>what</strong></span> 
     </span>
     <span class='ocr_line' id='line_1_35' title="bbox 122 2508 765 2548; baseline 0.002 -10"><span class='ocrx_word' id='word_1_218' title='bbox 122 2510 258 2547; x_wconf 77' lang='lat' dir='ltr'><strong>pati-ons</strong></span> <span class='ocrx_word' id='word_1_219' title='bbox 278 2509 355 2548; x_wconf 77' lang='lat' dir='ltr'><strong>they</strong></span> <span class='ocrx_word' id='word_1_220' title='bbox 376 2518 431 2538; x_wconf 84' lang='lat' dir='ltr'><strong>are</strong></span> <span class='ocrx_word' id='word_1_221' title='bbox 452 2508 624 2548; x_wconf 87' lang='lat' dir='ltr'><strong>assigned,’</strong></span> <span class='ocrx_word' id='word_1_222' title='bbox 647 2518 682 2539; x_wconf 86' lang='lat' dir='ltr'><strong>as</strong></span> <span class='ocrx_word' id='word_1_223' title='bbox 709 2509 765 2539; x_wconf 85' lang='lat' dir='ltr'><strong>the</strong></span> 
     </span>
     <span class='ocr_line' id='line_1_36' title="bbox 123 2558 606 2598; baseline 0.006 -11"><span class='ocrx_word' id='word_1_224' title='bbox 123 2560 174 2587; x_wconf 82' lang='lat' dir='ltr'><strong>art</strong></span> <span class='ocrx_word' id='word_1_225' title='bbox 188 2558 225 2587; x_wconf 80' lang='lat' dir='ltr'><strong>of</strong></span> <span class='ocrx_word' id='word_1_226' title='bbox 232 2558 332 2588; x_wconf 80' lang='lat' dir='ltr'><strong>musio</strong></span> <span class='ocrx_word' id='word_1_227' title='bbox 348 2561 383 2588; x_wconf 90' lang='lat' dir='ltr'><strong>to</strong></span> <span class='ocrx_word' id='word_1_228' title='bbox 399 2559 530 2598; x_wconf 88' lang='lat' dir='ltr'><strong>Apollo,</strong></span> <span class='ocrx_word' id='word_1_229' title='bbox 547 2558 606 2590; x_wconf 67' lang='lat' dir='ltr'><strong>ae.</strong></span> 
     </span>
    </p>

    <p class='ocr_par' dir='ltr' id='par_1_12' title="bbox 125 2607 767 2739">
     <span class='ocr_line' id='line_1_37' title="bbox 185 2607 763 2648; baseline 0.003 -11"><span class='ocrx_word' id='word_1_230' title='bbox 185 2607 246 2638; x_wconf 91' lang='lat' dir='ltr'><strong>Ch.</strong></span> <span class='ocrx_word' id='word_1_231' title='bbox 270 2609 311 2639; x_wconf 90' lang='lat' dir='ltr'><strong>V.</strong></span> <span class='ocrx_word' id='word_1_232' title='bbox 358 2609 502 2648; x_wconf 73' lang='lat' dir='ltr'><strong>¹Lydos,</strong></span> <span class='ocrx_word' id='word_1_233' title='bbox 522 2610 643 2639; x_wconf 87' lang='lat' dir='ltr'><strong>Herod.</strong></span> <span class='ocrx_word' id='word_1_234' title='bbox 667 2618 690 2639; x_wconf 90' lang='lat'><strong>1.</strong></span> <span class='ocrx_word' id='word_1_235' title='bbox 714 2619 763 2648; x_wconf 88' lang='lat'><strong>94.</strong></span> 
     </span>
     <span class='ocr_line' id='line_1_38' title="bbox 126 2657 767 2699; baseline 0.005 -12"><span class='ocrx_word' id='word_1_236' title='bbox 126 2657 194 2688; x_wconf 87' lang='lat' dir='ltr'><strong>Cic.</strong></span> <span class='ocrx_word' id='word_1_237' title='bbox 210 2658 262 2688; x_wconf 89' lang='lat' dir='ltr'><strong>De</strong></span> <span class='ocrx_word' id='word_1_238' title='bbox 282 2658 376 2689; x_wconf 88' lang='lat' dir='ltr'><strong>Orat.</strong></span> <span class='ocrx_word' id='word_1_239' title='bbox 391 2667 430 2690; x_wconf 88' lang='lat'><strong>11.</strong></span> <span class='ocrx_word' id='word_1_240' title='bbox 447 2669 495 2697; x_wconf 84' lang='lat'><strong>14,</strong></span> <span class='ocrx_word' id='word_1_241' title='bbox 521 2660 655 2690; x_wconf 75' lang='lat' dir='ltr'><strong>Timoeus</strong></span> <span class='ocrx_word' id='word_1_242' title='bbox 677 2660 767 2699; x_wconf 76' lang='lat' dir='ltr'><strong>lonqe</strong></span> 
     </span>
     <span class='ocr_line' id='line_1_39' title="bbox 125 2708 363 2739; baseline 0.004 -1"><span class='ocrx_word' id='word_1_243' title='bbox 125 2708 363 2739; x_wconf 70' lang='lat' dir='ltr'><strong>eruditissimus.</strong></span> 
     </span>
    </p>
   </div>
   <div class='ocr_carea' id='block_1_10' title="bbox 832 2156 1480 2746">
    <p class='ocr_par' dir='ltr' id='par_1_13' title="bbox 894 2156 1382 2189">
     <span class='ocr_line' id='line_1_40' title="bbox 894 2156 1382 2189; baseline 0.004 -3"><span class='ocrx_word' id='word_1_244' title='bbox 894 2158 908 2178; x_wconf 84' lang='lat'><strong>²</strong></span> <span class='ocrx_word' id='word_1_245' title='bbox 927 2157 1007 2187; x_wconf 83' lang='lat' dir='ltr'><strong>Inde</strong></span> <span class='ocrx_word' id='word_1_246' title='bbox 1021 2157 1171 2187; x_wconf 72' lang='lat' dir='ltr'><strong>Romani.</strong></span> <span class='ocrx_word' id='word_1_247' title='bbox 1187 2156 1256 2187; x_wconf 84' lang='lat' dir='ltr'><strong>Liv.</strong></span> <span class='ocrx_word' id='word_1_248' title='bbox 1271 2165 1333 2187; x_wconf 86' lang='lat' dir='ltr'><strong>vn.</strong></span> <span class='ocrx_word' id='word_1_249' title='bbox 1352 2167 1382 2189; x_wconf 89' lang='lat'><strong>2.</strong></span> 
     </span>
    </p>

    <p class='ocr_par' dir='ltr' id='par_1_14' title="bbox 832 2206 1480 2698">
     <span class='ocr_line' id='line_1_41' title="bbox 893 2206 1478 2244; baseline 0.002 -7"><span class='ocrx_word' id='word_1_250' title='bbox 893 2206 907 2225; x_wconf 83' lang='lat'>⁸</span> <span class='ocrx_word' id='word_1_251' title='bbox 927 2207 1029 2237; x_wconf 82' lang='lat' dir='ltr'><strong>ludos.</strong></span> <span class='ocrx_word' id='word_1_252' title='bbox 1058 2207 1153 2237; x_wconf 89' lang='lat' dir='ltr'><strong>Oehl.</strong></span> <span class='ocrx_word' id='word_1_253' title='bbox 1168 2208 1260 2237; x_wconf 85' lang='lat' dir='ltr'><strong>reads</strong></span> <span class='ocrx_word' id='word_1_254' title='bbox 1275 2207 1380 2237; x_wconf 75' lang='lat' dir='ltr'><strong>ludios</strong></span> <span class='ocrx_word' id='word_1_255' title='bbox 1388 2217 1404 2244; x_wconf 90' lang='lat'><em>;</em></span> <span class='ocrx_word' id='word_1_256' title='bbox 1418 2207 1478 2238; x_wconf 89' lang='lat' dir='ltr'><strong>but</strong></span> 
     </span>
     <span class='ocr_line' id='line_1_42' title="bbox 832 2257 1477 2294; baseline 0 -7"><span class='ocrx_word' id='word_1_257' title='bbox 832 2257 876 2287; x_wconf 84' lang='lat' dir='ltr'><strong>all</strong></span> <span class='ocrx_word' id='word_1_258' title='bbox 891 2257 947 2287; x_wconf 86' lang='lat' dir='ltr'><strong>the</strong></span> <span class='ocrx_word' id='word_1_259' title='bbox 962 2257 1058 2288; x_wconf 91' lang='lat' dir='ltr'><strong>MSS.</strong></span> <span class='ocrx_word' id='word_1_260' title='bbox 1073 2257 1153 2287; x_wconf 86' lang='lat' dir='ltr'><strong>have</strong></span> <span class='ocrx_word' id='word_1_261' title='bbox 1169 2257 1269 2294; x_wconf 77' lang='lat' dir='ltr'><strong>ludos,</strong></span> <span class='ocrx_word' id='word_1_262' title='bbox 1286 2257 1388 2286; x_wconf 85' lang='lat' dir='ltr'><strong>which</strong></span> <span class='ocrx_word' id='word_1_263' title='bbox 1404 2257 1477 2287; x_wconf 88' lang='lat' dir='ltr'><strong>Sal-</strong></span> 
     </span>
     <span class='ocr_line' id='line_1_43' title="bbox 832 2307 1477 2346; baseline 0.002 -9"><span class='ocrx_word' id='word_1_264' title='bbox 832 2307 950 2337; x_wconf 82' lang='lat' dir='ltr'><strong>masius</strong></span> <span class='ocrx_word' id='word_1_265' title='bbox 965 2308 1139 2346; x_wconf 84' lang='lat' dir='ltr'><strong>interprets</strong></span> <span class='ocrx_word' id='word_1_266' title='bbox 1160 2317 1195 2337; x_wconf 88' lang='lat' dir='ltr'><strong>as</strong></span> <span class='ocrx_word' id='word_1_267' title='bbox 1216 2310 1277 2345; x_wconf 90' lang='lat' dir='ltr'><strong>put</strong></span> <span class='ocrx_word' id='word_1_268' title='bbox 1298 2307 1348 2336; x_wconf 87' lang='lat' dir='ltr'><strong>for</strong></span> <span class='ocrx_word' id='word_1_269' title='bbox 1362 2307 1477 2345; x_wconf 70' lang='lat' dir='ltr'><strong>ludios,</strong></span> 
     </span>
     <span class='ocr_line' id='line_1_44' title="bbox 833 2356 1478 2394; baseline 0 -8"><span class='ocrx_word' id='word_1_270' title='bbox 833 2367 868 2387; x_wconf 85' lang='lat' dir='ltr'><strong>as</strong></span> <span class='ocrx_word' id='word_1_271' title='bbox 890 2357 1052 2387; x_wconf 79' lang='lat' dir='ltr'><strong>servitium</strong></span> <span class='ocrx_word' id='word_1_272' title='bbox 1074 2357 1126 2386; x_wconf 88' lang='lat' dir='ltr'><strong>for</strong></span> <span class='ocrx_word' id='word_1_273' title='bbox 1153 2356 1246 2394; x_wconf 81' lang='lat' dir='ltr'><strong>servi,</strong></span> <span class='ocrx_word' id='word_1_274' title='bbox 1271 2357 1478 2387; x_wconf 71' lang='lat' dir='ltr'><strong>ministerium</strong></span> 
     </span>
     <span class='ocr_line' id='line_1_45' title="bbox 833 2407 1472 2446; baseline 0.002 -10"><span class='ocrx_word' id='word_1_275' title='bbox 833 2408 885 2437; x_wconf 84' lang='lat' dir='ltr'><strong>for</strong></span> <span class='ocrx_word' id='word_1_276' title='bbox 893 2407 1040 2444; x_wconf 81' lang='lat' dir='ltr'><strong>ministri,</strong></span> <span class='ocrx_word' id='word_1_277' title='bbox 1056 2407 1119 2436; x_wconf 83' lang='lat' dir='ltr'><strong>and</strong></span> <span class='ocrx_word' id='word_1_278' title='bbox 1129 2407 1183 2436; x_wconf 87' lang='lat' dir='ltr'><strong>the</strong></span> <span class='ocrx_word' id='word_1_279' title='bbox 1198 2407 1273 2437; x_wconf 87' lang='lat' dir='ltr'><strong>like.</strong></span> <span class='ocrx_word' id='word_1_280' title='bbox 1296 2407 1389 2437; x_wconf 85' lang='lat' dir='ltr'><strong>More</strong></span> <span class='ocrx_word' id='word_1_281' title='bbox 1403 2416 1472 2446; x_wconf 86' lang='lat' dir='ltr'><strong>pro-</strong></span> 
     </span>
     <span class='ocr_line' id='line_1_46' title="bbox 833 2457 1477 2497; baseline 0.002 -10"><span class='ocrx_word' id='word_1_282' title='bbox 833 2458 929 2497; x_wconf 82' lang='lat' dir='ltr'><strong>bably</strong></span> <span class='ocrx_word' id='word_1_283' title='bbox 946 2457 1108 2496; x_wconf 77' lang='lat' dir='ltr'><strong>Lupercos</strong></span> <span class='ocrx_word' id='word_1_284' title='bbox 1132 2457 1223 2487; x_wconf 74' lang='lat' dir='ltr'><strong>ludos</strong></span> <span class='ocrx_word' id='word_1_285' title='bbox 1242 2457 1268 2486; x_wconf 86' lang='lat' dir='ltr'><strong>is</strong></span> <span class='ocrx_word' id='word_1_286' title='bbox 1287 2457 1338 2487; x_wconf 87' lang='lat' dir='ltr'><strong>for</strong></span> <span class='ocrx_word' id='word_1_287' title='bbox 1350 2457 1477 2496; x_wconf 82' lang='lat' dir='ltr'><strong>Luper·</strong></span> 
     </span>
     <span class='ocr_line' id='line_1_47' title="bbox 834 2507 1476 2546; baseline 0.002 -9"><span class='ocrx_word' id='word_1_288' title='bbox 834 2508 919 2538; x_wconf 70' lang='lat' dir='ltr'><strong>cales</strong></span> <span class='ocrx_word' id='word_1_289' title='bbox 934 2508 1035 2545; x_wconf 82' lang='lat' dir='ltr'><strong>ludos,</strong></span> <span class='ocrx_word' id='word_1_290' title='bbox 1045 2507 1248 2546; x_wconf 73' lang='lat' dir='ltr'><strong>andjuvenes,</strong></span> <span class='ocrx_word' id='word_1_291' title='bbox 1255 2517 1291 2538; x_wconf 91' lang='lat' dir='ltr'><strong>or</strong></span> <span class='ocrx_word' id='word_1_292' title='bbox 1300 2517 1388 2538; x_wconf 88' lang='lat' dir='ltr'><strong>some</strong></span> <span class='ocrx_word' id='word_1_293' title='bbox 1398 2509 1476 2538; x_wconf 87' lang='lat' dir='ltr'><strong>such</strong></span> 
     </span>
     <span class='ocr_line' id='line_1_48' title="bbox 835 2558 1480 2595; baseline 0.002 -8"><span class='ocrx_word' id='word_1_294' title='bbox 835 2558 1041 2595; x_wconf 84' lang='lat' dir='ltr'><strong>nominative,</strong></span> <span class='ocrx_word' id='word_1_295' title='bbox 1055 2558 1082 2587; x_wconf 81' lang='lat' dir='ltr'><strong>is</strong></span> <span class='ocrx_word' id='word_1_296' title='bbox 1097 2561 1131 2588; x_wconf 90' lang='lat' dir='ltr'><strong>to</strong></span> <span class='ocrx_word' id='word_1_297' title='bbox 1150 2558 1191 2587; x_wconf 88' lang='lat' dir='ltr'><strong>be</strong></span> <span class='ocrx_word' id='word_1_298' title='bbox 1205 2558 1402 2588; x_wconf 85' lang='lat' dir='ltr'><strong>understood</strong></span> <span class='ocrx_word' id='word_1_299' title='bbox 1422 2559 1480 2588; x_wconf 85' lang='lat' dir='ltr'><strong>be—</strong></span> 
     </span>
     <span class='ocr_line' id='line_1_49' title="bbox 834 2607 1477 2647; baseline 0 -9"><span class='ocrx_word' id='word_1_300' title='bbox 834 2608 903 2638; x_wconf 84' lang='lat' dir='ltr'><strong>fore</strong></span> <span class='ocrx_word' id='word_1_301' title='bbox 918 2607 1111 2638; x_wconf 79' lang='lat' dir='ltr'><strong>discurrant.</strong></span> <span class='ocrx_word' id='word_1_302' title='bbox 1142 2608 1195 2638; x_wconf 92' lang='lat' dir='ltr'><strong>On</strong></span> <span class='ocrx_word' id='word_1_303' title='bbox 1207 2607 1262 2638; x_wconf 86' lang='lat' dir='ltr'><strong>the</strong></span> <span class='ocrx_word' id='word_1_304' title='bbox 1277 2608 1477 2647; x_wconf 83' lang='lat' dir='ltr'><strong>Lupercalia,</strong></span> 
     </span>
     <span class='ocr_line' id='line_1_50' title="bbox 836 2658 1476 2698; baseline 0 -9"><span class='ocrx_word' id='word_1_305' title='bbox 836 2668 888 2689; x_wconf 86' lang='lat' dir='ltr'><strong>see</strong></span> <span class='ocrx_word' id='word_1_306' title='bbox 903 2658 974 2688; x_wconf 91' lang='lat' dir='ltr'><strong>Liv.</strong></span> <span class='ocrx_word' id='word_1_307' title='bbox 984 2667 1007 2689; x_wconf 89' lang='lat'><strong>1.</strong></span> <span class='ocrx_word' id='word_1_308' title='bbox 1019 2667 1036 2696; x_wconf 81' lang='lat'><em>5</em></span> <span class='ocrx_word' id='word_1_309' title='bbox 1049 2668 1057 2695; x_wconf 87' lang='lat'>3</span> <span class='ocrx_word' id='word_1_310' title='bbox 1073 2658 1168 2689; x_wconf 85' lang='lat' dir='ltr'><strong>Ovid.</strong></span> <span class='ocrx_word' id='word_1_311' title='bbox 1180 2658 1316 2690; x_wconf 64' lang='lat' dir='ltr'><strong>Fastax.</strong></span> <span class='ocrx_word' id='word_1_312' title='bbox 1330 2667 1398 2697; x_wconf 89' lang='lat'><strong>279,</strong></span> <span class='ocrx_word' id='word_1_313' title='bbox 1407 2668 1476 2698; x_wconf 88' lang='lat' dir='ltr'><strong>sqq.</strong></span> 
     </span>
    </p>

    <p class='ocr_par' dir='ltr' id='par_1_15' title="bbox 896 2708 1478 2746">
     <span class='ocr_line' id='line_1_51' title="bbox 896 2708 1478 2746; baseline 0.002 -8"><span class='ocrx_word' id='word_1_314' title='bbox 896 2708 909 2726; x_wconf 85' lang='lat'><strong>⁴</strong></span> <span class='ocrx_word' id='word_1_315' title='bbox 929 2709 1012 2739; x_wconf 80' lang='lat' dir='ltr'><strong>nihil</strong></span> <span class='ocrx_word' id='word_1_316' title='bbox 1030 2708 1151 2746; x_wconf 83' lang='lat' dir='ltr'><strong>jam...,</strong></span> <span class='ocrx_word' id='word_1_317' title='bbox 1177 2710 1236 2739; x_wconf 90' lang='lat' dir='ltr'><strong>‘no</strong></span> <span class='ocrx_word' id='word_1_318' title='bbox 1260 2712 1381 2739; x_wconf 86' lang='lat' dir='ltr'><strong>matter</strong></span> <span class='ocrx_word' id='word_1_319' title='bbox 1404 2718 1478 2739; x_wconf 81' lang='lat' dir='ltr'><strong>now</strong></span> 
     </span>
    </p>
   </div>
   <div class='ocr_carea' id='block_1_11' title="bbox 1486 996 1676 1022">
    <p class='ocr_par' dir='ltr' id='par_1_16' title="bbox 1486 996 1676 1022">
     <span class='ocr_line' id='line_1_52' title="bbox 1486 996 1676 1022; baseline -0.011 0"><span class='ocrx_word' id='word_1_320' title='bbox 1486 1003 1508 1022; x_wconf 69' lang='grc' dir='ltr'><strong>ιε</strong></span> <span class='ocrx_word' id='word_1_321' title='bbox 1519 996 1676 1022; x_wconf 72' lang='lat' dir='ltr'><strong>idolatrous.</strong></span> 
     </span>
    </p>
   </div>
  </div>
 </body>
</html>
