1812 2956
121 0 270 30 *vs
295 27 298 30 ,

482 172 593 217 „DE
633 169 1080 211 SPEOTAOULIS.

116 302 349 348 doemonio
370 301 525 346 rediit.
583 301 752 357 Itaque
785 301 834 344 in
857 302 1142 345 exorcismo²
1164 315 1272 345 cum
1306 313 1466 344 onera-
1487 309 1524 341 c.
1543 309 1677 341 XXVI.

1410 161 1468 207 47

117 382 271 426 retur³
293 379 559 423 immundus
583 379 783 436 spiritus,
809 379 937 434 quod
961 394 1098 423 ausus
1129 382 1254 423 esset
1281 378 1468 422 fidelem

115 454 326 516 aggredi,
365 460 648 508 constanter,
678 457 744 501 Et
772 457 1042 514 justissime,
1066 457 1231 512 inquit,
1255 456 1374 500 feci:
1419 456 1468 499 in

116 549 224 580 meo
247 549 352 580 eam
373 534 542 579 inveni.

606 534 804 579 Constat
827 538 878 579 et
900 534 978 578 alii
1001 534 1198 578 linteum
1221 534 1270 578 in
1293 535 1466 579 somnis

118 616 358 658 ostensum
393 613 494 670 ejus
517 611 612 656 diei
641 616 795 664 nocte,
827 627 919 668 qua
948 612 1211 669 tragoedum
1238 612 1465 664 audierat,

117 706 227 736 cum
266 691 629 748 exprobratione
669 690 909 734 nominato
948 690 1174 747 tragoedo,
1215 705 1303 734 nec
1343 690 1468 734 ultra

121 769 336 825 quintum
388 769 514 812 diem
561 783 665 812 eam
709 768 952 812 mulierem
997 767 1046 811 in
1093 768 1264 812 saeculo
1310 768 1465 811 fuisse.

121 847 252 899 Quot
286 846 450 902 utique
487 850 537 891 et
572 846 663 890 alia
700 846 984 890 documenta
1021 850 1262 890 cesserunt
1292 846 1352 889 de
1381 846 1466 897 his,

119 924 199 980 qui
222 938 330 968 cum
352 923 540 968 diabolo
567 924 693 981 apud
716 922 983 980 spectacula
1018 923 1405 967 communicando
1440 937 1469 966 a

117 1001 325 1046 Domino
363 1001 641 1046 exciderunt
659 1000 667 1047 !

117 1114 227 1147 would
258 1117 317 1146 not
349 1117 462 1146 return
494 1117 531 1146 to
565 1115 756 1147 Cornelius:

116 1163 195 1196 die-ri
220 1165 284 1196 τοῦ
311 1165 422 1196 εἰπεῖν
447 1164 670 1205 λαμβάνοντα
696 1165 760 1196 τὸν

117 1213 223 1254 ἄρτον
255 1215 381 1246 §nervon
413 1215 458 1246 τὸ
491 1215 598 1256 Ἀμήν.
639 1216 758 1246 Euseb.

117 1265 160 1296 E.
192 1264 237 1296 B.
271 1273 319 1296 vx.
356 1274 414 1304 433
448 1266 557 1296 where
590 1265 759 1296 Heineken

118 1315 231 1355 brlngs
249 1315 391 1347 foi-ward
410 1316 504 1347 other
524 1325 690 1355 passages.

179 1365 194 1385 ⁶
214 1367 260 1397 eze
274 1367 401 1397 αἰῶνας.
427 1366 509 1397 Cod.
522 1369 589 1405 Ag.
606 1366 657 1396 his
670 1375 759 1405 apae-

118 1417 204 1449 onio.
235 1416 313 1457 Βίε-
333 1417 444 1448 would
464 1417 542 1448 read
561 1417 620 1448 ἀπ’
635 1418 760 1454 αἰῶνος,

118 1468 279 1508 refertius
297 1470 334 1498 to
352 1468 410 1499 the
430 1467 657 1499 ecclamations
679 1467 761 1498 used

118 1519 156 1548 to
176 1517 391 1549 Commodus:
413 1519 516 1555 vixis,
530 1516 686 1555 νικήσεις,
699 1517 760 1548 ἀπ’

120 1568 246 1608 αἰῶνος,
260 1567 437 1608 Ἀμαζόνιε,
451 1569 553 1599 νικίίς.
584 1569 655 1599 The
668 1569 759 1599 read-

118 1618 177 1659 ing
189 1618 228 1649 of
237 1618 294 1650 the
306 1621 388 1656 text,
400 1619 505 1650 which
525 1619 553 1649 is
572 1619 645 1650 that
663 1619 700 1650 of
715 1619 760 1649 all

120 1669 214 1701 other
240 1669 388 1708 editions,
413 1669 441 1699 is
464 1669 554 1709 quite
577 1678 612 1699 as
637 1669 759 1700 intelli-

119 1718 218 1759 glble.
261 1719 378 1759 Comp.
411 1719 468 1750 the
497 1728 646 1750 common
680 1719 759 1750 dox-

119 1769 228 1810 ology,
244 1770 291 1800 ele
303 1770 381 1800 τοὺς
400 1769 519 1800 altinae
537 1770 606 1800 τῶν
624 1769 762 1808 αἰώνων,

121 1819 168 1850 ele
180 1818 304 1858 ἡμέραν
318 1820 445 1851 αἰῶνος.

180 1867 195 1886 ⁰
214 1868 287 1898 Deo
316 1867 456 1899 Christo.
499 1868 579 1900 Cod.
609 1869 675 1909 Ag.
700 1869 761 1899 fol-

120 1917 228 1949 lowed
254 1919 297 1959 by
327 1919 404 1958 Rig.
433 1919 498 1950 and
531 1919 661 1957 Oehler,
689 1920 760 1950 Deo

121 1972 151 2000 et
167 1968 306 2001 Christo.
350 1968 423 2000 The
443 1972 520 2007 rest,
534 1969 606 2000 Deo
623 1969 761 2001 Christo.

121 2019 207 2051 Plin.
227 2020 291 2060 Ep.
311 2028 349 2052 x.
370 2030 445 2052 101:
465 2020 680 2061 Affirmabant
701 2029 762 2049 au-

121 2073 182 2101 tem
202 2069 286 2101 hanc
298 2070 410 2110 ficisse
431 2079 583 2101 summam
600 2070 649 2101 vel
665 2070 761 2109 culpae

121 2129 185 2152 m
211 2120 261 2151 vel
286 2121 418 2158 erroris,
447 2121 534 2160 quod
555 2123 655 2151 essent
676 2121 763 2151 soliti

121 2173 206 2202 stato
226 2171 279 2201 die
295 2174 368 2202 ante
386 2171 484 2202 lucem
503 2172 675 2209 convenire,
690 2180 763 2201 car-

121 2230 249 2262 menque
278 2220 407 2252 Christo
440 2222 535 2261 quasi
560 2221 633 2252 Deo
660 2221 765 2252 dicere

122 2281 225 2303 uem
236 2272 378 2310 imicem,
387 2282 479 2312 seque
492 2276 688 2304 sacramento
702 2282 764 2302 non

124 2321 160 2352 in
178 2322 280 2353 coetu
297 2322 431 2362 aliquod
452 2323 639 2363 astrinqere,
653 2323 710 2353 sed
727 2332 765 2353 ne

118 2371 225 2412 jin-ta,
254 2382 292 2403 ne
325 2373 508 2411 latrocinia,
535 2383 572 2404 ne
602 2373 765 2404 adulteria

125 2422 355 2461 committerent,
376 2433 414 2454 ne
425 2424 527 2463 fidem
539 2425 707 2464 fallerent,
728 2435 765 2455 ne

124 2472 300 2512 depaeitum
320 2474 475 2513 appellati
497 2479 669 2515 neqarent;
693 2476 766 2515 qui-

125 2523 184 2554 ῠιιι
200 2524 343 2563 peractis
365 2533 480 2555 morem
502 2525 565 2555 eibi
586 2526 767 2556 discedendi

119 2573 234 2613 finisse,
248 2583 418 2614 rursusque
433 2576 562 2607 coeundi
580 2577 626 2607 ad
641 2577 767 2616 capien-

127 2623 202 2654 dum
224 2624 335 2663 elbum,
363 2626 577 2665 promiscuum
605 2630 708 2658 tamen
738 2631 768 2659 et

127 2674 299 2706 innoxium.

737 1001 893 1046 Nemo
935 1001 1060 1045 enim
1093 1004 1253 1058 potest
1284 1001 1467 1044 duobus
1485 1015 1564 1041 Matt.
1577 1016 1610 1041 vi.
1623 1016 1662 1042 24.

886 1115 947 1147 ch.
978 1115 1113 1147 XXVI.
1154 1114 1165 1134 ¹
1187 1114 1350 1154 eiusmodi,
1375 1116 1468 1145 ‘men

826 1166 864 1196 of
881 1167 959 1197 such
980 1176 1000 1197 a
1018 1167 1121 1198 kind:
1160 1166 1313 1205 eiusmodi
1333 1166 1398 1197 and
1412 1166 1465 1197 hu-

818 1215 963 1254 jusmodi
977 1226 1032 1247 are
1053 1217 1237 1258 frequently
1250 1218 1329 1248 used
1341 1227 1377 1247 as
1391 1218 1468 1248 eub-

827 1267 991 1306 stantives,
1013 1268 1183 1307 especially
1202 1267 1373 1308 following
1396 1277 1468 1308 pre-

826 1317 994 1355 positions.
1035 1317 1088 1348 De
1101 1317 1184 1347 Idol.
1201 1327 1229 1348 c.
1247 1327 1283 1357 13
1298 1319 1363 1348 and
1377 1327 1402 1350 c.
1419 1327 1467 1358 15,

827 1366 862 1397 in
879 1366 1068 1405 hujusmodi.
1103 1367 1184 1398 Also
1199 1377 1227 1398 c.
1243 1378 1281 1405 14
1294 1369 1358 1398 and
1373 1378 1401 1398 c.
1419 1379 1468 1408 21,

827 1416 861 1447 in
874 1417 1038 1455 ejusmodi.
1075 1418 1172 1449 Oehl.
1187 1427 1228 1448 on
1242 1418 1294 1449 De
1308 1419 1469 1458 Baptism.

827 1476 855 1497 c.
872 1477 922 1502 12,
937 1471 1052 1507 quotes
1066 1468 1119 1498 De
1135 1468 1228 1499 Orat.
1244 1478 1271 1499 c.
1288 1478 1341 1508 15:
1358 1469 1468 1508 hujus-

827 1517 914 1547 modi
935 1518 1016 1548 enim
1036 1527 1098 1548 non
1116 1518 1265 1558 reliqioni
1284 1519 1341 1549 sed
1356 1529 1468 1559 super-

827 1568 951 1598 stitioni
964 1568 1165 1607 deputantur.
1199 1570 1277 1600 And
1290 1570 1342 1600 De
1357 1571 1466 1611 Jejun.

828 1626 856 1648 c.
873 1626 900 1658 7,
909 1628 975 1657 pro
987 1618 1149 1657 eiusmodi.

888 1669 903 1687 ⁸
922 1669 957 1699 in
982 1670 1164 1701 exorcismo.
1209 1670 1377 1701 Exorcism
1403 1671 1469 1701 ori-

827 1719 949 1759 ginally
962 1719 1123 1759 practised
1143 1720 1246 1750 either
1264 1721 1306 1761 by
1320 1721 1470 1761 ordinary

828 1769 990 1800 ministers
1004 1779 1041 1800 or
1054 1770 1179 1810 private
1194 1771 1384 1803 Christians.
1405 1771 1470 1802 Ex-

829 1820 942 1850 orcists
956 1829 1041 1850 were
1061 1822 1257 1852 constituted
1271 1831 1306 1852 as
1319 1831 1360 1852 an
1375 1822 1471 1852 order

829 1869 862 1899 in
887 1870 944 1900 the
962 1870 1062 1900 latter
1083 1874 1158 1910 part
1178 1872 1214 1901 of
1235 1872 1291 1902 the
1316 1872 1373 1910 grd
1393 1881 1469 1902 cen.

830 1922 913 1959 tury.
938 1920 1057 1959 Bingh.
1072 1921 1151 1951 Chr.
1169 1922 1248 1953 Ant.
1266 1930 1320 1952 111.
1335 1932 1363 1959 4,
1379 1925 1468 1954 1—8.

830 1969 976 2009 Apolog.
992 1979 1018 2000 c.
1037 1980 1086 2010 23.
1119 1970 1172 2001 De
1191 1971 1274 2001 Idol.
1291 1981 1319 2001 c.
1335 1981 1381 2002 11.
1417 1972 1469 2003 De

832 2019 910 2051 Cor.
925 2029 953 2051 c.
969 2030 1016 2057 11,
1036 2030 1115 2060 quos
1131 2020 1270 2051 interdiu
1286 2022 1470 2053 exorcismis

819 2070 965 2110 flcqavit.

891 2119 904 2139 ³
925 2124 1117 2152 oneraretur.
1147 2122 1193 2153 ‘h.
1206 2132 1234 2153 e.
1259 2123 1469 2163 obligaretur.

831 2174 1046 2202 accusaretur.
1102 2173 1176 2204 Vox
1215 2174 1363 2205 forensis.
1418 2175 1470 2206 Cf.

831 2222 976 2262 Apolog.
1000 2232 1070 2262 cap.
1091 2233 1126 2254 1:
1151 2234 1246 2263 quam
1274 2225 1472 2264 iniquitatem

831 2273 913 2303 idem
928 2274 1040 2304 titulus
1058 2277 1088 2304 et
1108 2277 1218 2304 onerat
1231 2278 1259 2305 et
1272 2275 1404 2305 revincit
1417 2276 1473 2315 qui

831 2323 957 2354 indetur
972 2333 1133 2362 excusare,
1142 2324 1331 2363 ,iynorantia
1344 2325 1472 2356 scilicet.

833 2375 889 2405 Ad
915 2375 1006 2406 Natt.
1030 2384 1053 2406 1.
1076 2385 1112 2407 2:
1144 2374 1256 2412 Credo,
1287 2385 1348 2405 non
1378 2376 1474 2406 vultis

833 2427 990 2462 oneratos,
1013 2435 1091 2465 quos
1114 2425 1197 2455 omni
1220 2434 1311 2465 opere
1330 2426 1475 2464 perditos

834 2476 941 2514 vultis,
968 2479 1025 2506 aut
1050 2486 1111 2506 non
1134 2477 1261 2515 putatis
1284 2477 1476 2516 requirenda

834 2536 901 2566 quae
922 2527 1031 2556 nostis.
1072 2526 1156 2556 Ibid.
1172 2535 1195 2557 ι.
1211 2537 1265 2557 10:
1290 2526 1359 2566 Quo
1373 2527 1476 2567 maqis

835 2577 1010 2606 oneramini
1032 2577 1188 2607 credentes
1209 2587 1273 2607 esse
1293 2581 1322 2607 et
1343 2580 1476 2608 contem-

835 2630 948 2665 nentes,
967 2627 1098 2658 colentes
1119 2630 1148 2658 et
1171 2628 1359 2668 despuentes,
1381 2629 1477 2660 hono-

835 2680 942 2708 rantes
955 2682 984 2709 εί
997 2678 1200 2712 lacessente-53
1229 2679 1346 2712 Omu..
