1812 2956
155 359 254 391 CAP.
272 359 353 390 XX.

153 519 231 544 Matt.
244 518 287 544 xii.
301 518 337 545 37.

151 749 236 805 ἷὲκοᾱ.
247 749 316 775 xxiii.

151 1443 308 1469 Exod.xxiii.
313 1444 350 1469 13.

150 1671 235 1696 Exod.
248 1677 289 1696 xx.
303 1671 326 1698 7.

373 212 455 254 102
732 213 1132 251 TERTULLIANI
1161 214 1335 250 LIBER

372 361 464 390 non
490 346 625 389 factis
653 347 849 394 tantum,
873 358 1033 386 verum
1064 342 1206 386 etiam
1233 342 1383 386 verbis
1412 341 1700 399 periclitetur

373 425 495 479 (nam
519 422 639 465 sicut
662 421 884 477 scriptum
908 423 994 470 est,
1018 420 1144 463 Ecce
1171 419 1311 462 homo
1342 423 1391 463 et
1417 419 1543 463 faeta
1563 420 1698 476 ejus&

370 500 448 550 ita,
475 499 550 541 Ex
584 513 665 541 ore
699 501 782 541 tuo
805 496 1163 553 justificaberis),
1189 495 1450 540 meminisse
1479 496 1701 540 debemus

370 576 512 619 etiam
542 575 589 618 in
624 575 775 618 verbis
811 588 995 629 quoque
1029 572 1301 617 idololatriae
1327 572 1560 616 incursum
1586 586 1702 629 prae-

370 652 625 696 cavendum
646 654 728 694 aut
751 651 810 694 de
834 649 1179 693 consuetudinis
1198 649 1310 692 vitio
1327 653 1407 692 aut
1425 649 1700 695 timiditatis.

369 730 499 773 Deos
530 729 769 772 nationum
796 727 1022 770 nominari
1055 726 1131 770 lex
1159 725 1386 782 prohibet,
1417 739 1510 769 non
1541 725 1701 780 utique

369 821 428 850 ne
470 806 655 850 nomina
703 819 864 848 eorum
913 803 1276 860 pronuntiemus,
1324 816 1426 857 quae
1470 801 1604 845 nobis
1647 804 1702 845 ut

369 883 569 926 diximus
593 881 879 926 conversatio
903 883 1165 935 extorquet.
1217 879 1341 922 Nam
1362 879 1412 921 id
1431 878 1702 935 plerumque

370 959 618 1003 dicendum
644 962 728 1008 est,
753 958 809 1001 In
837 956 1012 1013 templo
1037 955 1287 1012 AEsculapii
1307 955 1435 998 illum
1458 955 1613 1006 habes,
1637 958 1700 1008 et,

370 1036 426 1078 In
450 1036 552 1078 vico
576 1035 711 1078 Isidis
737 1034 909 1084 habito,
941 1037 1001 1084 et,
1037 1033 1262 1076 Sacerdos
1285 1033 1317 1075 J
1318 1032 1412 1076 ovis
1437 1031 1589 1075 factus
1615 1034 1700 1083 est,

371 1115 420 1155 et
443 1112 588 1154 multa
611 1112 699 1154 alia
721 1111 770 1154 in
790 1111 912 1153 hunc
935 1109 1137 1160 modum,
1164 1109 1348 1164 quando
1373 1112 1422 1151 et
1441 1108 1702 1152 hominibus

369 1188 458 1231 hoc
494 1203 640 1244 genus
673 1187 882 1231 nomina3
912 1187 1205 1229 inducuntur.
1274 1185 1442 1239 Neque
1475 1184 1598 1228 enim
1625 1184 1702 1228 Sa-

370 1268 558 1306 turnum
596 1265 786 1314 honoro‚
822 1264 861 1307 si
889 1263 956 1306 ita
985 1276 1208 1306 vocavero
1244 1275 1351 1304 eum
1376 1275 1459 1304 suo
1490 1260 1702 1312 nomine3

370 1345 468 1384 tam
501 1356 594 1385 non
622 1341 812 1391 honoro,
846 1354 984 1395 quam
1012 1340 1236 1388 Marcum,
1269 1338 1308 1381 si
1329 1351 1553 1381 vocavero
1581 1337 1704 1380 Mar-

372 1434 491 1462 cum.
562 1419 656 1462 Sed
679 1419 757 1469 ait,
783 1419 970 1461 Nomen
990 1417 1187 1459 *aliorum
1212 1415 1405 1458 deorum
1425 1428 1484 1458 ne
1506 1427 1704 1458 comme-

373 1496 651 1546 moremini4,
688 1510 839 1550 neque
864 1494 1080 1537 audiatur
1103 1493 1162 1535 de
1186 1495 1269 1534 tuo
1293 1505 1386 1534 ore.
1456 1491 1562 1533 Hoc
1590 1503 1704 1546 prse-

372 1573 509 1629 cepit‚
527 1587 587 1615 ne
609 1572 721 1615 deos
736 1585 952 1614 vocemus
972 1570 1085 1612 illos.
1141 1568 1266 1610 Nam
1284 1567 1394 1610 etin
1412 1567 1559 1623 prima
1570 1551 1703 1623 parte

370 1649 501 1704 legis,
528 1649 637 1691 Non
663 1662 828 1697 sumes,
853 1646 1016 1701 inquit,
1041 1659 1212 1688 nomen
1234 1643 1425 1687 Domini
1448 1643 1542 1686 Dei
1562 1643 1634 1685 tui
1655 1642 1704 1685 in

370 1740 502 1775 vano,
527 1725 576 1766 id
612 1728 684 1767 est
718 1723 882 1766 idolo⁵.
940 1720 1123 1764 Cecidit
1152 1721 1295 1776 igitur
1324 1720 1373 1762 in
1395 1718 1704 1762 idololatriam

373 1802 452 1857 qui
474 1801 649 1844 idolum
673 1801 858 1844 nomine
883 1799 975 1842 Dei
997 1797 1303 1841 honoraverit.
1372 1795 1510 1848 Quod
1529 1795 1568 1839 si
1591 1795 1704 1840 deos

371 1878 620 1921 dicendum
645 1877 771 1930 erite,
805 1875 1114 1932 adjiciendum
1147 1877 1219 1920 est
1249 1873 1422 1928 aliquid
1450 1887 1542 1928 quo
1567 1886 1704 1928 appa-

370 1958 485 2004 reat,
512 1955 619 2009 quia
642 1969 734 1997 non
760 1967 848 2010 ego
871 1953 973 1996 illos
997 1952 1110 1995 deos
1134 1950 1251 1993 dico.
1321 1950 1446 1993 Nam
1477 1953 1527 1992 et
1555 1949 1704 2005 Scrip-

370 2035 477 2074 tura
508 2032 620 2074 deos
655 2031 876 2081 nominat,
901 2030 985 2073 sed
1011 2028 1172 2084 adjicit
1201 2041 1306 2071 suos
1336 2026 1410 2070 vel
1438 2026 1701 2077 nationum3

1131 2128 1146 2147 ⁴
1166 2126 1446 2158 commemoremini.
1488 2126 1581 2157 Oehl.
1614 2126 1703 2157 illus-

1072 2181 1173 2208 trates
1188 2177 1243 2207 the
1262 2186 1317 2206 use
1331 2177 1369 2206 of
1378 2177 1433 2206 the
1454 2176 1615 2214 deponent
1626 2176 1704 2206 verb

430 2131 444 2150 ²
462 2132 547 2161 Ecce
561 2133 650 2162 homo
665 2135 693 2162 et
698 2132 798 2171 facta
811 2131 884 2168 ejus.
926 2130 1004 2161 This

370 2181 398 2210 is
412 2181 480 2210 also
496 2182 616 2219 quoted
634 2182 675 2220 by
690 2182 721 2211 S.
733 2181 874 2220 August.
890 2180 1002 2210 Medit.

370 2240 397 2259 c.
417 2240 464 2268 39.
509 2231 603 2260 Some
625 2239 762 2268 suppose
784 2230 847 2259 this
869 2233 903 2259 to
924 2229 1004 2259 have

369 2280 450 2309 been
462 2280 559 2309 taken
570 2280 652 2308 from
666 2280 722 2308 the
737 2279 820 2308 book
834 2279 869 2308 of
880 2278 1002 2309 Enoch.

369 2328 422 2366 Bp
434 2329 523 2367 Kaye
533 2329 680 2366 (Tertull.
693 2337 725 2366 p.
737 2328 804 2365 300)
812 2327 902 2366 gives
911 2327 1003 2356 other

369 2378 528 2407 instances
550 2378 586 2407 of
605 2377 809 2407 Tertullian’s
830 2376 1003 2415 misquota·

369 2427 454 2456 tions
468 2427 503 2456 of
516 2427 688 2465 Scripture,
701 2426 805 2455 which
819 2435 873 2455 are
890 2425 1002 2464 proba-

369 2476 423 2515 bly
436 2479 471 2505 to
481 2477 532 2506 .be
552 2476 695 2506 ascribed
709 2479 743 2505 to
761 2475 1000 2514 forgetfuluess.

370 2525 409 2555 In
423 2525 488 2554 this
502 2525 635 2563 chapter
654 2525 687 2554 in
702 2525 838 2563 quoting
851 2524 932 2553 from
947 2524 1002 2553 the

369 2574 444 2611 96th
457 2574 574 2610 Psalm,
590 2573 630 2602 he
648 2573 835 2603 substitutos
849 2572 1003 2602 doemom'a

345 2652 350 2658 ἑ
369 2624 420 2652 for
433 2623 530 2653 idola.
573 2623 633 2653 See
658 2623 770 2660 below,
793 2632 819 2652 c.
844 2632 891 2660 23,
905 2631 934 2652 n.
950 2632 979 2660 9.

428 2670 442 2689 ⁸
463 2671 520 2701 hoc
536 2681 631 2711 qenus
644 2672 778 2703 nomina.
821 2671 879 2702 See
893 2671 1002 2709 above,

370 2730 398 2752 c.
413 2730 459 2758 11,
473 2730 504 2751 n.
522 2730 569 2753 12.

1069 2228 1152 2257 from
1170 2227 1201 2256 S.
1214 2227 1301 2265 Aug.
1317 2226 1413 2256 Enar.
1428 2225 1461 2254 in
1473 2225 1525 2255 Ps.
1534 2225 1588 2255 liv.
1601 2235 1609 2254 :
1634 2224 1704 2254 Ho-

1070 2277 1165 2305 mines
1178 2276 1286 2312 malos,
1292 2284 1369 2314 quos
1376 2275 1513 2313 patitur,
1527 2283 1703 2305 commemo-

1070 2329 1159 2355 ratus
1173 2329 1227 2355 est.

1130 2373 1143 2391 ⁵
1163 2374 1196 2403 in
1218 2382 1310 2410 vano,
1325 2373 1362 2402 id
1379 2376 1433 2410 eet,
1446 2372 1542 2403 idolo.
1581 2373 1702 2403 Pamel.

1073 2423 1147 2453 tells
1157 2433 1194 2452 us
1204 2424 1274 2453 that
1284 2423 1305 2452 J
1307 2423 1588 2461 eromeinterprets
1596 2433 1609 2452 1
1618 2423 1703 2454 Sam.

1070 2473 1123 2502 xii.
1140 2483 1187 2510 21,
1202 2473 1296 2502 nolite
1310 2473 1468 2502 declinare
1478 2475 1551 2512 post
1558 2482 1651 2510 vana,
1661 2473 1703 2513 by

1064 2526 1139 2561 post
1153 2523 1249 2559 idola,
1259 2523 1321 2552 and
1334 2523 1434 2552 refers
1447 2525 1482 2552 to
1492 2522 1572 2552 Acts
1581 2522 1643 2551 xiv.
1655 2530 1703 2560 15,

1071 2572 1139 2602 α’πὸ
1161 2573 1290 2601 τούτων
1303 2573 1371 2602 τῶν
1390 2572 1552 2611 ματαίων,
1562 2574 1597 2601 to
1611 2571 1702 2602 idole-

1072 2621 1133 2650 See
1147 2622 1256 2658 above,
1271 2630 1298 2651 c.
1314 2631 1361 2658 10,
1373 2630 1403 2651 n.
1418 2631 1464 2652 12.

1129 2668 1142 2687 ⁶
1162 2670 1235 2700 deos
1249 2670 1410 2700 dicendum
1423 2670 1494 2709 erit,
1514 2679 1534 2700 a
1548 2669 1701 2702 Grecism.

1069 2718 1195 2750 Lucret.
1219 2728 1242 2750 1.
1266 2730 1340 2758 139:
1363 2719 1469 2751 Multa
1488 2720 1576 2750 novis
1599 2719 1703 2750 verbi-³
