1812 2956
152 352 251 383 cAP.
268 351 298 383 1.

340 206 395 247 58
699 208 1107 247 TERTULLIANI
1137 210 1316 247 LIBER

341 340 419 396 qui
448 340 574 383 falsis
609 340 709 383 deis
743 339 896 390 servit,
929 339 1028 383 sine
1065 339 1207 383 dubio
1242 339 1425 383 adulter
1453 343 1525 384 est
1559 339 1674 384 veri-

339 417 463 467 tatis,
487 416 594 471 quia
617 430 754 460 omne
776 416 943 459 falsum
975 416 1253 460 adulterium
1282 420 1365 460 est.
1437 416 1512 461 Sic
1543 419 1593 460 et
1625 416 1675 459 in

341 497 502 550 stupro
530 493 769 549 mergitur.
841 493 955 545 Quis
993 494 1116 537 enim
1153 493 1400 536 immundis
1440 493 1675 549 spiritibus

342 573 575 626 operatus,
611 584 705 613 non
739 573 1070 626 conspurcatus
1111 574 1160 614 et
1199 572 1523 626 constupratus
1551 569 1675 614 ince-

274 693 277 697 ,
343 647 453 690 dit?
522 647 681 701 Atque
715 646 834 690 adeo
872 647 1121 703 Scripturae
1156 650 1328 690 sanctae
1362 645 1511 702 stupri
1542 659 1676 689 voca-

341 724 475 767 bulo4
492 727 686 766 utuntur
708 723 757 766 in
776 723 1050 766 idololatriae
1069 723 1438 780 exprobratione.
1481 721 1675 766 Fraudis

344 800 550 844 conditio
583 814 638 843 ea
664 804 748 851 est,
771 800 946 857 opinor,
983 800 1021 843 si
1050 800 1150 855 quis
1184 800 1384 843 alienum
1414 798 1565 855 rapiat
1593 801 1676 843 aut

342 876 421 920 alii
444 876 654 920 debitum
684 877 899 932 deneget,
926 880 975 920 et
1003 876 1164 932 utique
1195 890 1306 932 erga
1335 875 1569 919 hominem
1597 875 1676 918 ad-

1449 953 1519 995 At
1552 951 1676 996 enim

341 1029 603 1073 idololatria
647 1030 858 1073 fraudem
902 1031 1007 1074 Deo
1051 1030 1179 1081 facit,
1224 1030 1422 1073 honores
1465 1028 1531 1072 illi
1569 1043 1676 1072 suos

344 1106 580 1162 denegans
615 1109 664 1149 et
696 1106 939 1150 conferens
962 1106 1075 1157 aliis,
1100 1111 1154 1149 ut
1175 1106 1328 1148 fraudi
1352 1106 1493 1149 etiam
1516 1108 1676 1149 contu·

343 1182 528 1225 meliam
549 1183 812 1238 conjungat.
885 1183 1024 1234 Quod
1057 1183 1096 1226 si
1128 1187 1226 1226 tam
1256 1183 1382 1225 fraus
1414 1197 1552 1237 quam
1582 1185 1676 1225 stu-

343 1273 476 1315 prum
517 1262 657 1313 atque
698 1259 977 1303 adulterium
1012 1263 1211 1303 mortem
1246 1260 1460 1310 afferunt,
1492 1259 1592 1315 ,iam
1627 1258 1676 1302 in

342 1336 413 1378 his
448 1350 574 1390 aeque
609 1335 870 1379 idololatria
909 1336 969 1379 de
1005 1336 1241 1380 homicidii
1276 1339 1410 1379 reatu
1441 1350 1535 1379 non
1564 1335 1676 1379 libe-

343 1416 485 1456 ratur.
554 1413 670 1456 Post
703 1413 813 1455 talia
853 1413 1056 1463 crimina,
1097 1417 1194 1456 tam
1225 1413 1434 1463 exitiosa,
1464 1416 1563 1455 tam
1597 1411 1676 1456 de-

343 1489 574 1532 voratoria
597 1489 768 1542 salutis,
794 1493 951 1533 cetera
975 1504 1157 1545 quoque
1180 1490 1242 1532 ad
1264 1489 1464 1544 aliquem
1485 1488 1676 1532 modum

344 1569 395 1608 et
424 1580 630 1608 seorsum
659 1565 854 1621 proinde
889 1566 1111 1622 disposita
1144 1566 1191 1608 in
1226 1565 1486 1608 idololatria
1519 1565 1675 1608 condi-

343 1641 544 1683 tionem⁵
578 1655 708 1684 suam
741 1645 1083 1697 repraesentant.
1154 1642 1209 1684 In
1243 1641 1320 1684 illa
1354 1645 1404 1684 et
1439 1641 1676 1698 concupis-

344 1717 510 1760 centiae
541 1717 709 1762 saeculi.
781 1718 896 1768 Quae
932 1718 1055 1761 enim
1091 1717 1360 1760 idololatriae
1395 1717 1676 1762 sollemnitas

343 1793 442 1836 sine
469 1793 720 1836 ambitione
746 1793 895 1836 cultus
920 1797 968 1836 et
992 1794 1218 1836 ornatus?
1286 1794 1342 1836 In
1375 1794 1453 1836 illa
1481 1794 1692 1838 lasciviae.

345 1873 394 1913 et
426 1870 689 1922 ebrietates,
730 1885 835 1914 cum
873 1870 1120 1926 plurimum
1157 1871 1305 1914 victus
1342 1875 1391 1914 et
1420 1871 1592 1915 ventris
1625 1874 1675 1915 et

342 953 482 996 missa
503 953 628 996 fraus
651 953 840 995 maximi
867 954 1069 997 criminis
1098 968 1268 996 nomen
1297 956 1381 996 est.

401 1991 417 2010 ⁴
436 1992 540 2031 stupri
552 1992 714 2023 vocabulo.
747 1993 860 2031 Comp.
876 1993 976 2024 Ezek.

342 2051 371 2072 c.
387 2042 464 2071 xxiii
477 2052 486 2079 ;
497 2042 574 2072 Hos.
591 2051 618 2072 c.
632 2042 664 2072 ii.
681 2042 743 2072 and
757 2042 806 2079 iv;
820 2043 883 2072 and
898 2042 976 2072 else-

343 2093 462 2122 where.

402 2142 415 2160 ⁵
436 2142 649 2172 conditionem.
672 2142 754 2171 Adv.
769 2142 869 2172 Marc.
889 2149 926 2170 xx.
945 2150 973 2171 c.

343 2201 401 2223 22:
423 2191 513 2230 lonqe
534 2191 675 2220 diversas
698 2190 837 2220 habendo
862 2199 975 2219 causas

342 2242 383 2271 ab
401 2241 590 2270 idololatriae
610 2240 793 2270 conditione.
842 2241 974 2279 Reprae-

341 2294 475 2328 semare,
498 2300 518 2319 a
531 2289 664 2328 judicia]
685 2292 778 2326 term,
807 2290 860 2318 ‘to
880 2289 976 2328 bring

341 2341 410 2370 into
428 2340 543 2377 σθω-ις’
557 2340 669 2374 hence,
689 2340 740 2368 ‘to
757 2339 851 2377 bring
867 2339 975 2368 before

341 2398 390 2426 us,
401 2389 546 2418 whether
560 2391 594 2418 to
608 2397 667 2417 our
680 2397 785 2417 senses
799 2397 836 2417 or
849 2387 975 2417 minds.'

342 2439 423 2468 Adv.
438 2438 539 2467 Marc.
551 2446 599 2467 xv.
611 2447 638 2467 e.
649 2447 703 2468 22:
728 2436 841 2475 Itaque
845 2436 917 2473 jam
926 2445 975 2466 re-

336 2490 533 2525 proesentans
546 2496 612 2516 eum
621 2496 631 2515 .·
650 2486 716 2515 Hic
730 2486 974 2524 estfilius'meus.

342 2536 394 2565 De
418 2536 507 2565 Poen.
536 2545 565 2564 e.
591 2545 629 2572 3:
658 2535 737 2564 adeo
763 2534 848 2573 quod
867 2534 976 2573 prohi-

342 2584 429 2613 betur
449 2583 683 2620 administrare,
704 2584 784 2612 eatis
799 2583 975 2622 periculose

343 2633 464 2663 animus
490 2634 551 2662 sibi
577 2636 788 2672 reproesentat.
829 2633 880 2663 De
899 2633 974 2663 Cor.

343 2691 370 2712 c.
388 2691 444 2720 15:
467 2682 505 2712 Si
522 2683 601 2712 tales
622 2682 774 2721 imaqines
795 2683 829 2712 in
849 2683 975 2719 visione,

1044 1993 1153 2032 quales
1166 1994 1313 2024 veritates
1329 1993 1364 2023 in
1382 1991 1676 2032 reproeseruatione?

1044 2043 1095 2073 De
1114 2044 1220 2082 Speet.
1246 2052 1273 2073 c.
1299 2051 1353 2082 17:
1373 2043 1559 2081 spurcitiam
1580 2051 1675 2082 quam

1043 2091 1207 2122 Atellanus
1232 2091 1433 2131 qesticulator
1465 2094 1676 2131 repraeemtat.

1044 2141 1127 2170 lbid.
1151 2151 1177 2171 o.
1200 2151 1255 2180 30:
1276 2142 1341 2171 hoee
1354 2141 1428 2178 jam
1450 2140 1675 2180 quodammodo

1044 2190 1189 2220 habemus
1190 2190 1352 2229 perfidem
1361 2191 1476 2229 spiritu
1484 2190 1676 2229 imayinante

1043 2243 1273 2278 repraesentata.
1316 2240 1402 2270 Adv.
1417 2241 1516 2270 Marc.
1531 2248 1555 2270 1.
1571 2249 1599 2270 e.
1618 2248 1674 2277 14:

1043 2298 1097 2318 nee
1114 2298 1238 2327 panem,
1256 2298 1317 2328 quo
1335 2289 1435 2328 ipsum
1455 2298 1568 2327 corpus
1586 2297 1675 2318 suum

1042 2342 1257 2376 reproesentat.
1300 2339 1353 2368 On
1376 2339 1432 2368 the
1456 2339 1519 2368 last
1539 2347 1674 2378 passage

1043 2396 1094 2417 see
1104 2388 1167 2425 Bp.
1176 2388 1289 2426 Kaye’s
1299 2388 1434 2418 Ter-tull.
1446 2397 1479 2426 p.
1489 2395 1557 2425 427.
1582 2385 1674 2417 Even

1042 2436 1235 2466 Bellarmine
1247 2437 1358 2466 allows
1371 2437 1442 2466 that
1455 2437 1516 2466 itis
1529 2439 1587 2466 not
1600 2445 1672 2467 con-

1044 2486 1158 2515 clus-ive
1172 2486 1222 2514 for
1235 2486 1290 2515 the
1305 2486 1449 2524 corpor-al
1461 2495 1622 2524 presence.

1102 2533 1116 2552 ⁶
1135 2535 1336 2565 mendacium.
1363 2535 1477 2574 Comp.
1488 2536 1530 2564 Is.
1538 2535 1612 2566 xliv.
1624 2544 1672 2567 20.

1102 2583 1116 2604 ⁷
1135 2583 1289 2614 idolorum
1301 2585 1466 2623 mancipes,
1488 2584 1597 2614 ‘those
1617 2584 1673 2614 de-

1043 2642 1133 2663 mons
1147 2633 1220 2663 who
1234 2634 1308 2664 take
1322 2633 1499 2672 possession
1513 2633 1549 2662 of
1565 2632 1672 2664 idols.’

1043 2683 1183 2722 Apolog.
1196 2692 1223 2715 e.
1236 2693 1286 2714 11:
1301 2683 1471 2723 mancipem
1484 2682 1672 2714 divinitatis.
