1812 2956
127 355 225 387 CAP.
242 357 325 388 XX.

145 969 183 1000 C.
203 968 301 1000 XXI.

122 1022 179 1048 'she
189 1023 306 1048 heathen

140 1061 188 1078 aze
198 1054 259 1078 with
274 1054 319 1078 de-

134 1083 191 1112 ight
200 1084 228 1108 in
240 1084 286 1109 the

123 1114 225 1144 Circus,

122 1143 244 1174 Theatre,
255 1144 311 1169 and

122 1174 237 1205 Amphi-

121 1204 235 1234 theatre,
247 1211 283 1229 on

121 1234 181 1258 thin
222 1236 251 1259 at

121 1242 212 1288 ννὴὶοῗζ
219 1265 284 1296 they

122 1294 263 1320 elsewhere

121 1325 248 1350 shudder.

343 208 400 253 40
698 218 1107 256 TERTULLIANI
1144 219 1322 256 LIBER

342 362 575 401 nunquam
599 350 846 390 excusator
868 348 994 402 quod
1014 349 1143 391 Deus
1167 348 1367 391 damnat.
1435 348 1677 403 Nusquam

341 429 391 467 et
425 439 659 478 nunquam
682 424 793 467 lieet
817 425 942 479 quod
966 439 1148 481 semper
1169 428 1220 468 et
1243 425 1413 480 ubique
1436 440 1529 468 non
1551 425 1675 469 licet.

341 502 458 544 Haec
487 505 559 544 est
593 502 800 545 veritatis
833 501 1077 558 integritas
1101 506 1150 546 et
1174 518 1275 557 quae
1300 502 1343 545 ei
1367 502 1564 546 debetur
1587 502 1677 546 dis-

341 578 520 634 ciplinae
544 577 784 634 plenitudo
810 582 859 622 et
882 579 1119 633 aequalitas
1137 579 1315 622 timoris
1339 583 1388 622 et
1410 579 1524 622 fides
1547 579 1677 622 obse-

342 654 450 709 quii,
466 670 559 698 non
576 655 822 698 immutare
841 656 1120 699 sententiam
1138 670 1224 699 nec
1242 655 1417 699 variare
1433 655 1674 712 judicium.

339 731 450 774 Non
474 734 630 787 potest
653 731 779 775 aliud
802 746 902 775 esse
927 732 1052 787 quod
1068 747 1175 775 vere
1200 732 1386 787 quidem
1410 735 1482 776 est
1503 732 1676 776 bonum

340 823 423 852 seu
469 809 651 852 malum.
725 809 892 852 Omnia
931 813 1089 853 autem
1125 823 1267 866 penes
1303 809 1547 852 veritatem
1583 808 1676 853 Dei

339 887 431 928 fixa
459 890 580 929 sunt.

428 963 628 1013 Ethnici,
647 978 761 1018 quos
785 978 926 1020 penes
950 963 1074 1007 nulla
1098 967 1169 1007 est
1189 964 1396 1007 veritatis
1419 963 1673 1020 plenitudo,

342 1040 449 1095 quia
482 1054 569 1083 nec
605 1040 770 1083 doctor
804 1041 1013 1083 veritatis
1046 1041 1188 1090 Deus,
1215 1040 1386 1082 malum
1417 1055 1472 1084 ac
1501 1041 1675 1083 bonum

341 1131 426 1172 pro
451 1117 642 1159 arbitrio
671 1131 725 1160 ac
748 1117 938 1159 libidine
970 1117 1346 1172 interpretantur,
1371 1116 1479 1159 alibi
1502 1117 1675 1160 bonum

342 1193 467 1247 quod
489 1193 597 1235 alibi
619 1193 802 1244 malum,
828 1197 877 1236 et
899 1194 1007 1236 alibi
1029 1193 1199 1235 malum
1220 1193 1345 1247 quod
1362 1193 1470 1236 alibi
1487 1193 1672 1236 bonum.

344 1271 419 1313 Sic
452 1284 564 1326 ergo
600 1270 765 1320 evenit,
788 1274 842 1312 ut
876 1270 954 1324 qui
985 1270 1032 1311 in
1067 1269 1252 1325 publico
1286 1269 1363 1311 vix
1396 1269 1674 1312 necessitate

341 1347 502 1389 vesieae
540 1347 746 1389 tunicam
785 1346 920 1396 levet,
967 1346 1091 1389 idem
1135 1346 1182 1387 in
1225 1345 1360 1389 Circo
1403 1345 1536 1388 aliter
1580 1360 1674 1389 non

342 1423 558 1473 exsultet,
583 1423 670 1466 nisi
690 1427 844 1466 totum
867 1423 1093 1479 pudorem
1116 1423 1163 1464 in
1186 1422 1354 1465 faciem
1378 1414 1582 1465 omnium
1604 1421 1674 1464 in-

340 1503 494 1542 tentet
514 1516 524 1543 ε
575 1504 629 1542 ut
666 1504 714 1542 et
752 1500 829 1554 qui
866 1500 969 1542 filiae
1006 1500 1194 1555 virginis
1240 1499 1298 1541 ab
1342 1498 1466 1541 omni
1506 1512 1672 1554 spurco

339 1577 480 1618 verbo
513 1590 646 1618 aures
676 1580 848 1625 tuetur,
876 1576 974 1631 ipse
1009 1590 1111 1618 eam
1140 1576 1187 1616 in
1218 1575 1452 1617 theatrum
1486 1575 1546 1617 ad
1573 1574 1672 1618 illas

339 1667 476 1694 voces
504 1652 971 1707 gesticulationesque
996 1651 1223 1694 deducat:
1261 1654 1311 1693 et
1333 1651 1412 1704 qui
1435 1650 1483 1692 in
1505 1650 1671 1706 plateis

338 1728 469 1771 litem
492 1743 630 1770 manu
653 1732 869 1784 agentem
905 1732 986 1771 aut
1010 1727 1262 1783 compescit
1293 1730 1374 1769 aut
1398 1726 1670 1778 detestatur,

400 1856 460 1886 Ch.
476 1856 575 1886 XXI.
617 1856 626 1874 ¹
639 1856 786 1895 flaqellis
811 1859 839 1886 et
858 1856 969 1895 virqie.

339 1905 465 1944 Lipsius
480 1906 619 1944 (Saturn.
634 1915 672 1936 11.
685 1915 711 1936 c.
723 1906 755 1944 5)
767 1909 879 1943 quotes
890 1907 972 1935 from

342 1956 453 1985 Senec.
463 1956 524 1994 Ep.
538 1964 564 1994 7,
573 1956 627 1985 the
636 1955 796 1995 language
811 1956 847 1985 of
859 1956 913 1985 the
924 1956 973 1984 in-

337 2005 474 2034 furiated
492 2006 660 2044 populace:
684 2005 807 2042 Occide,
824 2015 889 2042 ure,
904 2015 972 2035 ver-

337 2054 423 2084 bera.
458 2055 565 2093 Quare
585 2058 649 2084 tam
666 2055 772 2084 timide
790 2055 925 2085 incurrit
939 2055 972 2084 in

331 2104 481 2142 serrum?
501 2113 600 2143 quare
613 2113 733 2143 parum
753 2104 905 2134 audacter
919 2114 970 2134 oc-

336 2153 439 2184 cidit?
453 2163 551 2193 quare
556 2163 673 2192 parum
680 2155 808 2184 libenter
813 2154 946 2183 moritur
955 2153 972 2184 ?

335 2204 454 2242 Plaqis
467 2207 603 2242 ayuntur
618 2204 651 2233 in
664 2204 794 2233 vulnera
808 2207 836 2233 et
850 2207 972 2233 mutuos

335 2255 416 2284 ictus
428 2254 521 2283 nudis
533 2257 562 2284 et
575 2254 674 2283 obviis
688 2253 867 2292 pectoribus
885 2254 970 2283 exci-

328 2303 433 2342 piant.

395 2352 409 2370 ²
447 2352 615 2391 insiqniori
651 2352 761 2390 cuique
794 2351 966 2382 homicidae.

334 2402 495 2440 Apuleius
517 2402 609 2439 (Met.
625 2411 656 2431 x.
679 2401 728 2438 28)
751 2400 838 2439 gives
859 2410 899 2429 an
915 2410 968 2429 ac-

334 2454 432 2480 count
443 2451 479 2480 of
490 2460 509 2480 a
522 2460 646 2480 woman
660 2450 732 2479 who
747 2450 808 2478 had
822 2450 968 2479 commit-

334 2501 389 2529 ted
404 2501 533 2530 murdex·
542 2501 605 2529 and
620 2500 712 2529 other
722 2500 852 2529 crimes:
868 2499 968 2538 Atque

334 2550 434 2586 illam,
443 2549 543 2578 minus
552 2549 675 2588 quidem
685 2558 778 2588 quam
785 2549 967 2585 merebatur,

333 2599 388 2628 sed
406 2600 490 2637 quod
508 2599 622 2638 diqnus
641 2599 799 2629 cruciatus
817 2598 902 2627 alius
914 2607 968 2627 ez·-

334 2648 470 2686 coyitari
490 2658 550 2677 non
565 2651 703 2686 poterat,
722 2651 840 2677 eoeserte
862 2647 968 2676 bestiis

333 2697 537 2734 objiciendam
551 2698 780 2735 pronuntiavit.
817 2698 906 2727 Lact.
922 2697 964 2727 D.

1042 1856 1069 1885 Ι.
1081 1864 1128 1885 Vl.
1145 1865 1197 1887 20:
1220 1854 1308 1885 Nam
1323 1854 1378 1894 qui
1392 1854 1551 1891 hominem,
1564 1862 1674 1893 quam.

1040 1906 1089 1935 vis
1098 1905 1135 1935 ob
1143 1905 1255 1935 merita
1265 1905 1457 1938 damnatum,
1466 1903 1500 1933 in
1510 1906 1673 1942 conspectu

1039 1965 1096 1985 suo
1101 1955 1251 1994 juqulari
1259 1964 1322 1993 pro
1335 1954 1492 1994 voluptate
1505 1956 1672 1992 computat,

1040 2005 1259 2035 conscientiam
1272 2014 1362 2034 suam
1373 2004 1509 2043 polluit‚·
1529 2007 1593 2034 tam
1607 2003 1671 2033 eci-

1039 2054 1120 2092 licet,
1147 2064 1234 2093 quem
1262 2054 1291 2084 si
1318 2053 1491 2089 homicidii,
1518 2052 1604 2092 quod
1625 2053 1672 2090 fit

1040 2104 1165 2140 occulte,
1177 2106 1334 2142 spectator
1346 2107 1375 2133 et
1382 2103 1546 2142 particeps
1548 2103 1625 2141 fiat.

1098 2153 1112 2171 ³
1138 2153 1245 2182 rudem
1271 2156 1301 2183 et
1326 2153 1456 2192 pileum.
1504 2152 1600 2182 Mart.
1629 2152 1670 2183 de

1038 2203 1145 2241 Spect.
1171 2213 1223 2240 29:
1251 2203 1347 2232 Misit
1368 2203 1491 2241 utrique
1518 2202 1612 2231 rudes
1641 2204 1670 2232 et

1032 2252 1163 2291 palmas
1178 2252 1288 2282 Coesar
1301 2252 1433 2290 utrique.

1097 2301 1111 2319 ‘²
1125 2301 1212 2331 illum
1223 2302 1344 2331 vero...‘
1351 2301 1519 2330 Moreover
1527 2300 1554 2330 it
1563 2309 1670 2331 comes

1036 2352 1072 2380 to
1087 2359 1169 2388 pam,
1184 2350 1256 2379 that
1272 2350 1312 2379 he
1332 2349 1408 2379 calls
1429 2350 1522 2388 again
1543 2350 1594 2379 for
1613 2350 1669 2380 tho

1036 2400 1194 2439 gladiator
1203 2400 1274 2428 who
1284 2399 1340 2428 has
1348 2399 1490 2429 received
1500 2399 1548 2428 his
1557 2400 1669 2429 death-

1035 2449 1131 2486 blow,
1138 2449 1171 2477 in
1181 2449 1274 2477 order
1283 2449 1354 2478 that
1363 2448 1403 2477 he
1414 2457 1484 2487 may
1493 2458 1570 2487 gaze
1581 2457 1666 2487 upon

1035 2499 1084 2527 his
1098 2497 1190 2527 face.’
1226 2497 1295 2526 The
1305 2507 1420 2536 savage
1430 2498 1555 2536 delight
1565 2498 1602 2526 of
1612 2498 1667 2528 the

1034 2547 1149 2586 people
1167 2547 1199 2575 in
1217 2556 1325 2576 soenes
1344 2547 1379 2575 of
1395 2547 1491 2576 blood
1511 2546 1538 2576 is
1558 2547 1667 2576 shewn

1034 2598 1075 2636 by
1090 2597 1144 2626 the
1160 2596 1265 2625 mimic
1285 2596 1538 2634 representation
1559 2596 1596 2625 of
1611 2596 1668 2625 the

1035 2646 1121 2676 cruel
1135 2646 1230 2674 death
1246 2645 1281 2674 of
1292 2645 1475 2675 Laureolus.
1509 2645 1530 2675 J
1533 2654 1582 2675 uv.
1600 2645 1666 2674 Sat.

1034 2704 1111 2725 vm.
1150 2696 1204 2733 187
1218 2704 1227 2732 ς
1267 2695 1364 2724 Mart.
1408 2695 1447 2724 de
1491 2694 1598 2733 Spect.
1636 2701 1664 2733 7-
