1812 2956
506 187 594 223 DE
628 184 1058 224 SPECTAC‘ULIS.
1405 178 1460 221 49

114 319 205 364 mis
226 321 278 364 et
298 318 630 376 acceptissimis
652 317 832 362 imbuit.
890 318 1060 362 Omnia
1083 317 1177 361 illic
1201 330 1284 361 seu
1306 316 1461 368 fortia,
1503 326 1642 396 Xchvih

112 411 199 447 seu
233 397 444 446 honesta,
482 410 565 439 seu
602 411 783 446 sonora,
820 410 903 439 seu
944 409 1127 446 canora,
1157 409 1240 439 seu
1278 394 1465 438 subtilia
1648 387 1658 396 ’

117 474 312 532 proinde
339 473 459 518 habe
488 471 543 518 ac
579 474 617 517 si
656 473 890 518 stillicidia
916 472 1064 517 mellis
1094 473 1155 516 de
1189 472 1435 516 lucunculo
1449 475 1466 500 ²
1526 496 1529 500 ·

116 555 360 604 venenato,
383 566 472 596 nec
506 551 627 595 tanti
661 551 820 608 gulam
842 551 989 595 facias
1012 550 1277 607 voluptatis,
1304 552 1465 606 quanti

116 630 375 688 periculum
396 645 481 688 per
505 630 794 673 suavitatem.

219 707 500 764 Saginentur
524 707 753 764 ejusmodi
777 706 990 750 dulcibus
1014 707 1220 750 eonvivae
1245 707 1350 751 sui¹.
1401 708 1466 751 Et
1500 714 1661 785 Xffisssll‘il

112 785 221 830 loca
257 789 307 829 et
340 785 516 842 templa
550 789 600 828 et
633 785 854 828 invitator
887 785 1093 840 ipsorum
1127 788 1210 828 est.
1275 785 1464 828 Nostrae
1482 811 1626 836 mosem
1639 810 1686 835 the

1482 843 1619 873 pleasures
1629 842 1659 866 of

111 877 273 914 .coenae,
308 866 481 906 nostrae
517 862 692 919 nuptiae
720 862 928 905 nondum
956 865 1076 906 sunt.
1160 862 1272 905 Non
1307 877 1464 919 possu-
1482 873 1666 901 theheathen‚

1481 910 1532 928 our
1544 903 1680 934 pleasures

116 954 220 985 mus
255 955 362 984 cum
398 939 487 983 illis
520 940 827 990 discumbere,
857 940 966 995 quia
993 954 1081 983 nec
1109 939 1175 982 illi
1206 940 1462 986 nobiscum.
1481 935 1625 990 ἓξῗῃζῗιω

115 1018 311 1063 Vicibus
343 1017 568 1074 disposita
590 1032 666 1061 res
698 1021 782 1061 est.
853 1017 903 1061 N
904 1032 995 1061 unc
1024 1017 1091 1060 illi
1122 1017 1354 1069 laetantur,
1380 1033 1465 1062 nos

108 1094 453 1140 conflictamur.
489 1094 733 1145 Saeculum,
758 1095 925 1150 inquit,
950 1095 1190 1151 gaudebit,
1210 1111 1291 1139 vos
1308 1097 1467 1141 tristes
1484 1125 1548 1151 ³011.
1563 1125 1612 1150 m
1627 1125 1664 1151 20.

116 1172 259 1217 eritis.
327 1172 596 1229 Lugeamus
629 1174 769 1229 ergo²
806 1173 917 1216 dum
957 1173 1132 1217 ethnici
1164 1174 1387 1230 gaudent,
1412 1179 1467 1218 ut

116 1265 225 1294 cum
259 1250 423 1307 lugere
453 1250 689 1306 coeperint,
714 1250 1016 1306 gaudeamus,
1041 1265 1101 1294 ne
1130 1251 1307 1307 pariter
1343 1267 1466 1296 nunc

111 1327 391 1385 gaudentes,
415 1330 530 1370 tunc
554 1341 739 1382 quoque
763 1327 939 1383 pariter
967 1327 1222 1384 lugeamus.
1282 1329 1467 1374 Delica-

114 1410 194 1449 tus
217 1419 280 1456 es,
308 1404 582 1455 Christiane,
605 1404 644 1448 si
673 1409 722 1448 et
749 1405 797 1447 in
826 1405 996 1449 saeculo
1016 1407 1317 1463 ·voluptatem
1355 1423 1466 1451 con-

117 1482 327 1540 cupiscis,
350 1482 493 1525 immo
516 1482 709 1525 nimium
732 1483 915 1534 stultus,
940 1484 979 1528 si
1003 1484 1087 1528 hos
1120 1485 1358 1529 existimas
1389 1502 1465 1530 vo-

110 1559 358 1616 luptatem.
403 1558 674 1616 Philosophi
697 1560 909 1615 quidem³
932 1562 1022 1605 hoc
1046 1577 1217 1605 nomen
1245 1564 1391 1618 quieti
1416 1569 1466 1607 et

115 1637 442 1693 tranquillitati
482 1637 728 1688 dederunt,
760 1637 808 1680 in
838 1653 894 1681 ea
923 1639 1146 1695 gaudent,
1182 1640 1230 1682 in
1268 1655 1324 1683 ea
1361 1655 1465 1684 avo-

115 1718 294 1766 cantur,
318 1715 367 1758 in
395 1729 452 1759 ea
476 1715 618 1758 etiam
638 1715 912 1773 gloriantur.
984 1718 1059 1761 Tu
1090 1717 1203 1761 mihi
1233 1723 1383 1762 metas
1416 1723 1465 1763 et

116 1807 278 1837 scenas
292 1795 342 1836 et
353 1792 590 1849 pulverem
610 1797 659 1837 et
677 1809 866 1837 arenam
890 1795 1122 1851 suspiras„
1140 1795 1284 1839 Dicas
1308 1796 1464 1840 velim:

115 1870 227 1914 Non
249 1883 493 1926 possumus
515 1871 669 1914 vivere
694 1870 794 1914 sine
825 1871 1080 1928 voluptate,
1107 1872 1186 1926 qui
1214 1873 1334 1916 mori
1358 1888 1465 1916 cum

114 1947 356 2004 voluptate
377 1947 652 1991 debebimus
667 1948 691 1990 P
754 1949 880 1991 Nam
908 1949 1036 2004 quod
1059 1953 1132 1993 est
1155 1949 1282 2001 aliud
1304 1954 1465 1994 votum

114 2044 227 2081 above,
241 2052 270 2074 c.
282 2051 332 2082 15,
344 2052 379 2074 n.
393 2051 423 2081 4,
443 2043 570 2074 casibus
589 2044 667 2075 suis.
703 2044 756 2074 De
823 2044 880 2075 the
894 2044 972 2075 time
986 2045 1023 2075 of
1034 2045 1224 2076 Tertullian.
1267 2046 1357 2076 Lact.
1373 2046 1417 2078 D.
1435 2047 1462 2078 Ι.

114 2094 199 2126 Idol.
214 2103 242 2124 c.
259 2103 307 2133 13,
327 2093 497 2131 euumjam
510 2093 654 2124 volumen
675 2103 756 2124 com-
824 2103 879 2124 ιιι.
903 2103 959 2133 17:
987 2095 1129 2134 Epicuri
1162 2095 1334 2135 disciplina
1367 2097 1463 2127 multo

109 2143 275 2184 plevium.
306 2143 473 2174 Drakenb.
494 2152 535 2173 on
558 2144 613 2174 Sil.
630 2144 672 2174 It.
688 2153 754 2174 xn.
823 2144 975 2175 celebrior
997 2154 1117 2184 semper
1130 2146 1204 2185 fuit
1225 2156 1320 2185 quam
1347 2150 1464 2177 cetero-

115 2204 166 2234 33,
195 2196 312 2234 quotes
334 2193 402 2224 Cio.
426 2193 488 2233 Ep.
512 2193 602 2224 Fam.
624 2202 677 2225 Χῖ.
701 2204 756 2224 11:
822 2204 903 2230 rum,
924 2204 985 2224 non
1006 2197 1084 2234 quia
1105 2196 1173 2226 veri
1192 2196 1320 2235 aliquid
1337 2197 1463 2236 afferat,

113 2243 167 2276 Ne
190 2243 229 2275 de
250 2243 376 2274 Planco
399 2243 524 2283 quidem
544 2253 629 2283 spem
650 2244 756 2274 adhuc
821 2244 878 2275 sed
890 2245 968 2284 quia
988 2245 1101 2275 multos
1111 2246 1272 2285 populare
1288 2256 1395 2276 nomen
1409 2256 1463 2276 vo-

114 2293 240 2334 alu‘oet‘i,
262 2297 298 2324 ut
319 2303 359 2324 ea·
381 2294 498 2325 libellis
517 2295 586 2325 cuis
608 2295 755 2325 animati·
821 2295 956 2333 luptatis
974 2295 1100 2326 invitat.
1138 2295 1206 2327 Cic.
1221 2296 1260 2326 de
1276 2296 1347 2326 Fin.
1364 2305 1388 2326 1.
1408 2307 1462 2327 11:

113 2344 208 2376 verli.
231 2343 342 2375 Senon.
358 2353 383 2375 1.
397 2347 540 2375 controv.
558 2345 591 2374 in
610 2346 755 2384 praefat.:
825 2344 934 2375 Omnis
954 2348 1057 2375 autem
1072 2346 1254 2384 privatione
1267 2346 1390 2375 doloris
1397 2356 1460 2385 pu-

114 2394 214 2426 Nihil
223 2394 282 2425 illo
292 2394 363 2424 viro
372 2395 514 2434 gravius,
523 2395 606 2425 nihil
614 2396 753 2432 suavius,
820 2397 869 2424 tat
882 2394 1048 2434 Epicurus
1061 2396 1227 2425 terminari
1242 2404 1392 2426 summam
1406 2406 1461 2426 vo-

113 2445 198 2478 nihil
209 2445 388 2486 eloquentia
401 2455 463 2476 sua
477 2446 615 2486 diqnius.
820 2445 979 2484 luptatem.
1030 2446 1172 2485 Apolog.
1209 2455 1238 2476 c.
1264 2449 1322 2484 38:
1352 2447 1462 2478 Licuit

171 2495 187 2516 ⁸
213 2495 394 2535 Luqeammz¹
427 2505 512 2535 erqo.
555 2497 670 2535 Comp.
701 2496 752 2527 De
818 2495 992 2534 Epicureis
1012 2496 1156 2535 aliquam
1174 2496 1336 2527 decernere
1349 2497 1459 2536 volup-

111 2541 196 2579 IdoI.
211 2554 238 2576 c.
257 2555 313 2584 133
336 2545 386 2575 De
407 2545 482 2575 Cor.
499 2555 526 2576 c.
545 2555 594 2586 13.
819 2547 895 2576 tatis
909 2546 1079 2576 veritatem.
1114 2546 1184 2585 Quo
1198 2556 1253 2576 vos
1266 2547 1459 2587 ffndimus,

172 2595 188 2614 ³
206 2595 400 2635 Philosophi
413 2596 546 2635 quidem.
589 2597 658 2627 The
675 2595 752 2636 Epi-
817 2596 848 2626 si
882 2596 968 2626 alias
998 2596 1220 2634 proesumimue
1253 2597 1427 2637 voluptates
1442 2598 1459 2630 ?

113 2655 259 2678 cursans.
300 2645 379 2676 This
407 2655 474 2676 was
506 2646 563 2676 the
594 2646 752 2677 favour-ite
820 2646 938 2685 Comp.
952 2646 1006 2676 Ad
1023 2646 1114 2676 Natt.
1132 2655 1170 2676 ιι.
1187 2657 1214 2678 2.

112 2695 305 2736 philosophy
325 2703 446 2735 among
470 2695 525 2726 the
550 2694 695 2726 Romans
718 2696 749 2726 in

248 2752 380 2783 Tzur.
1292 2743 1320 2783 3
