1812 2956
340 215 393 260 60
695 223 1095 261 TERTULLIANI
1125 215 1300 260 LIBER

141 365 304 396 CAP.11.
341 353 378 396 si
402 353 502 408 quis
525 356 607 395 aut
629 352 848 396 incendat
871 356 953 396 aut
982 352 1191 396 immolet
1213 356 1294 395 aut
1315 352 1570 409 polluceat³
1591 353 1674 395 aut

116 419 120 423 ’
341 430 481 474 sacris
511 429 737 484 aliquibus
768 433 853 472 aut
887 429 1158 473 sacerdotiis
1188 430 1432 486 obligetur,
1459 428 1675 484 quemad-

340 507 530 550 modum
559 506 598 550 si
628 507 728 561 quis
754 507 1031 550 adulterium
1060 506 1109 549 in
1129 506 1295 551 osculis
1319 510 1368 551 et
1387 506 1436 549 in
1458 504 1676 562 amplexi-

340 583 426 625 bus
458 585 507 625 et
537 582 585 624 in
618 581 718 637 ipsa
745 581 895 625 carnis
926 582 1251 638 congressione
1273 581 1566 631 censendum,
1595 582 1677 624 aut

125 677 203 702 Matt.
216 683 240 701 v.
254 675 291 700 22.
340 659 639 703 homicidium
657 659 705 701 in
723 659 820 702 sola
837 659 1069 715 sanguinis
1087 659 1365 715 profusione,
1381 662 1430 702 et
1447 658 1496 701 in
1513 658 1677 701 animae

343 736 583 792 ereptione
620 736 944 792 reputandum.
1012 735 1080 778 At
1116 735 1252 785 enim,
1285 735 1513 779 Dominus
1540 749 1679 790 quam

344 812 580 855 extensius
614 812 704 855 ista
741 812 969 868 disponat,
1011 811 1128 855 certi
1159 825 1326 861 sumus,
1363 825 1468 854 cum
1502 810 1680 854 adulte-

344 889 463 931 rium
487 889 629 932 etiam
662 888 710 931 in
746 887 1122 944 concupiscentia
1154 887 1381 943 designat,
1417 886 1456 929 si
1495 885 1682 930 oculum

129 980 207 1006 Matt.
220 987 246 1005 v.
259 979 297 1005 28.
346 965 446 1020 quis
486 965 733 1021 impegerit
769 965 1013 1008 libidinose
1052 967 1100 1007 et
1140 964 1340 1006 animam
1379 962 1681 1006 commoverit.

346 1042 591 1098 impudice,
612 1057 716 1084 cum
734 1041 1033 1084 homicidium
1052 1041 1192 1083 etiam
1213 1041 1260 1082 in
1282 1040 1423 1083 verbo
1444 1039 1681 1083 maledicti

347 1119 419 1162 vel
455 1118 649 1162 convicii
677 1118 860 1174 judicat
896 1122 945 1161 et
980 1117 1029 1159 in
1065 1117 1191 1160 omni
1223 1117 1400 1172 impetu
1436 1116 1517 1159 irae
1552 1119 1602 1159 et
1632 1116 1681 1158 in

347 1195 632 1251 negligentia
671 1195 876 1238 caritatis
911 1194 959 1236 in
999 1194 1203 1236 fratrem.
1276 1193 1406 1236 Sicut
1445 1193 1477 1235 J
1478 1192 1681 1236 ohannes

131 1281 316 1307 1J0h-iii-15·
350 1272 489 1314 docet
506 1271 785 1314 homicidam
808 1285 909 1314 esse
933 1270 1011 1325 qui
1035 1270 1186 1313 oderit
1206 1269 1411 1312 fratrem.
1461 1269 1682 1323 Alioquin

348 1348 396 1390 in
414 1348 597 1390 modico
619 1348 892 1391 consisteret
909 1350 957 1389 et
976 1346 1147 1389 diaboli
1166 1346 1402 1401 ingenium
1426 1346 1485 1389 de
1508 1345 1683 1388 malitia

351 1428 400 1467 et
423 1424 516 1467 Dei
538 1424 729 1467 Domini
759 1423 1011 1480 disciplina,
1037 1437 1128 1477 qua
1154 1437 1238 1466 nos
1270 1423 1487 1466 adversus
1510 1421 1683 1466 diaboli

134 1519 216 1549 Ap0c.
230 1516 255 1541 ii.
269 1516 305 1541 24.
350 1502 642 1545 altitudines4
675 1502 839 1551 munit,
877 1501 914 1544 si
945 1501 993 1543 in
1023 1500 1093 1543 his
1130 1503 1312 1542 tantum
1348 1499 1530 1542 delictis
1558 1498 1683 1555 judi-

352 1593 574 1628 caremur,
613 1593 715 1632 quae
759 1578 900 1620 etiam
940 1577 1151 1619 nationes
1197 1576 1504 1619 decreverunt
1539 1574 1683 1618 vindi-

135 1668 213 1693 Matt.
226 1674 250 1693 v.
263 1667 300 1693 20.
350 1655 510 1697 canda.
576 1653 821 1705 Quomodo
857 1653 1112 1695 abundabit
1136 1652 1319 1708 justitia
1354 1654 1512 1694 nostra
1545 1665 1685 1707 super

352 1731 534 1774 Scribas
565 1734 614 1773 et
641 1730 910 1780 Pharisaeos,
941 1733 995 1772 ut
1025 1728 1254 1771 Dominus
1283 1727 1571 1783 praescripsit,
1595 1726 1683 1770 nisi

351 1806 681 1849 abundantiam
711 1805 984 1849 adversariae
1008 1805 1119 1860 ejus,
1144 1804 1194 1846 id
1216 1807 1288 1847 est
1310 1803 1557 1859 injustitiae,
1581 1816 1695 1859 per--

351 1868 675 1940 spexerimus?
747 1883 885 1934 Quod
919 1883 957 1925 si
989 1885 1128 1938 caput
1158 1881 1394 1936 injustitiae
1423 1880 1684 1923 idololatria

354 1963 439 2011 est,
464 1960 591 2015 prius
615 1963 699 2010 est,
722 1961 791 2002 uti
814 1960 1031 2003 adversus
1053 1958 1382 2001 abundantiam
1409 1956 1683 2000 idololatriae

353 2036 720 2092 praemuniamur,
756 2036 866 2079 dum
898 2036 1024 2078 illam
1057 2049 1151 2077 non
1183 2034 1330 2077 solum
1357 2033 1405 2076 in
1428 2032 1683 2077 manifestis

352 2114 737 2169 recognoscimus.

138 2198 237 2228 CAP.
254 2198 322 2229 111.
441 2190 624 2233 Idolum
655 2190 936 2244 aliquamdiu
967 2193 1094 2232 retro
1123 2203 1217 2231 non
1240 2191 1354 2231 erat.
1408 2188 1682 2242 Priusquam

137 2280 259 2310 1c101atry
270 2287 314 2305 ex·
352 2267 486 2322 hujus
520 2266 715 2309 monstri
749 2266 948 2309 artifices
987 2265 1266 2315 ebullissent,
1299 2264 1396 2307 sola
1429 2263 1603 2320 templa
1633 2266 1683 2307 et

135 2311 302 2335 istedbefore

135 2340 322 2395 ᾏἘρῗξξῗίῑξξζ,
351 2357 507 2384 vacuae
542 2342 665 2384 aedes
697 2344 842 2391 erant,
874 2340 993 2383 sicut
1027 2340 1075 2381 in
1103 2339 1379 2382 hodiernum
1409 2339 1682 2393 quibusdam

135 2400 211 2424 them
222 2400 256 2424 its

132 2417 464 2490 gffiffugdol-locis
486 2417 729 2461 vetustatis
757 2416 952 2472 vestigia
979 2404 1262 2472 perr'nanent.
1328 2415 1505 2458 Tamen
1538 2414 1682 2457 idolo-

409 2533 423 2551 ³
441 2533 607 2571 polluceat.
650 2532 745 2570 Apol.
769 2541 797 2561 c.
822 2542 876 2569 39:
897 2531 983 2561 Her-
1043 2533 1169 2569 partem
1183 2530 1318 2560 Herculi
1324 2530 1513 2568 polluceam.

350 2582 536 2611 culanarum
545 2581 733 2610 decimarum
741 2584 770 2610 et
772 2581 984 2618 polluctorum
1108 2579 1123 2596 4
1142 2579 1334 2609 altitudines.
1375 2580 1487 2610 Revel.
1505 2580 1538 2610 ii.
1560 2588 1613 2616 24:
1635 2578 1682 2609 τοὶ

348 2634 486 2668 sumptus
493 2630 647 2659 tabularii
653 2630 872 2668 supputabunt.
879 2630 982 2660 Plaut.
1048 2628 1153 2668 βάθεα
1162 2629 1223 2658 τοῦ
1233 2630 1380 2658 Σατανᾶ.
1396 2629 1493 2668 Vulg.
1501 2628 1682 2660 altitudines

349 2680 449 2709 Stich.
460 2689 487 2715 1,
497 2689 525 2717 3,
536 2681 590 2709 80:
608 2679 686 2709 Haec
700 2679 815 2709 venisse
820 2679 893 2716 jam
906 2688 983 2717 opus
1051 2678 1186 2708 Satanae.

348 2731 402 2765 est,
428 2731 576 2767 quantum
599 2731 710 2766 potest,
742 2728 798 2758 Uti
825 2728 983 2758 decumam
1109 2727 1169 2758 Ch.
1187 2727 1252 2757 111.
1285 2726 1296 2745 ¹
1317 2727 1418 2757 omnis
1420 2727 1536 2766 firma
1549 2727 1598 2757 vel
1601 2726 1683 2766 for-
