1812 2956
340 181 424 223 104
701 185 1101 223 TERTULLIANI
1132 186 1305 224 LIBER

141 327 178 358 c.
197 327 295 360 xx1.
338 315 669 371 obligationem
698 315 808 371 ejus,
833 329 917 371 per
947 329 1084 369 quem
1114 319 1164 359 te
1195 315 1352 360 Malus
1376 316 1540 360 honori
1570 317 1670 376 ido-

337 391 499 443 lorum,
547 391 598 434 id
649 395 733 442 est,
782 391 1055 435 idololatriae
1100 393 1338 447 quaerebat
1381 394 1668 438 annectere?

339 468 501 512 Omnis
523 468 750 525 patientia
774 469 1000 525 ejusmodi
1016 470 1289 514 idololatria.
1338 470 1552 515 Honoras
1570 484 1666 523 eos,
1698 507 1701 515 .

338 546 502 601 quibus
525 546 751 603 impositis
775 547 1047 602 obsequium
1070 547 1338 604 praestitisti.
1398 546 1504 591 Scio
1527 563 1669 603 quen-

338 623 458 674 dam,
483 624 558 667 cui
581 624 812 667 Dominus
839 624 1063 680 ignoscat,
1093 639 1198 668 cum
1220 625 1286 667 illi
1307 625 1355 667 in
1377 625 1562 681 publico
1585 624 1685 682 per'

336 700 467 743 litem
498 701 674 744 dictum
705 704 841 754 esset,
871 702 1057 758 Jupiter
1087 702 1175 745 tibi
1207 701 1268 745 sit
1297 702 1455 752 iratus,
1483 715 1669 758 respon-

339 777 473 829 disse,
507 779 656 822 Immo
693 779 814 822 tibiss.
888 779 1014 830 Quid
1049 779 1184 822 aliter
1219 779 1408 822 fecisset
1443 777 1668 830 ethnicus,

339 854 417 909 qui
439 855 472 898 J
473 869 605 897 ovem
629 855 767 898 deum
797 855 1034 899 credidit?
1102 855 1298 898 Etiamsi
1325 870 1418 899 non
1446 869 1530 911 per
1561 868 1670 898 eun-

339 930 447 973 dem
483 931 745 974 retorsisset
779 931 1091 981 maledictum,
1123 945 1209 974 nec
1245 946 1330 987 per
1367 932 1510 975 ullum
1540 931 1669 975 Jovis

340 1007 547 1058 similem,
574 1007 923 1050 confirmaverat
950 1008 981 1050 J
983 1021 1116 1050 ovem
1150 1007 1302 1058 deum,
1326 1022 1409 1064 per
1430 1004 1582 1063 'quem
1618 1021 1668 1051 se

339 1085 639 1128 maledictum
661 1084 850 1141 indigne
872 1085 1031 1128 tulisse
1055 1084 1452 1128 demonstraverat
1474 1085 1665 1129 remale-

341 1160 512 1204 dicens.
566 1161 645 1204 Ad
661 1161 772 1216 quid
788 1161 910 1204 enim
926 1161 1179 1217 indigneris
1197 1176 1280 1218 per
1294 1175 1414 1212 eum,
1428 1176 1566 1216 quem
1580 1162 1671 1207 scis

340 1238 453 1281 nihil
471 1253 571 1282 esse
586 1239 609 1280 ἶ)
677 1239 801 1282 Nam
822 1239 861 1282 si
878 1239 1085 1287 insanis&
1097 1239 1197 1294 jam
1221 1253 1322 1282 esse
1346 1240 1600 1290 confirmas,
1619 1242 1670 1284 et

340 1315 431 1359 erit
449 1315 746 1358 idololatriae⁵
763 1315 988 1372 professio
1003 1315 1183 1359 timoris
1197 1315 1267 1358 tui
1283 1331 1294 1358 ε
1319 1320 1492 1370 quanto
1507 1315 1667 1372 magis,

339 1406 445 1435 cum
469 1406 553 1447 per
576 1392 726 1448 ipsum
749 1392 1052 1444 remaledicis,
1078 1392 1244 1435 eodem
1268 1392 1300 1435 J
1301 1391 1399 1435 ovis
1421 1391 1671 1436 honorem⁶

337 1469 463 1518 facis,
488 1484 579 1524 quo
604 1472 652 1512 et
672 1469 748 1513 ille
775 1469 853 1524 qui
876 1473 924 1512 te
948 1469 1214 1525 provocavit
1228 1469 1252 1511 P
1319 1469 1490 1512 Fidelis
1512 1473 1670 1513 autem

339 1545 387 1587 in
415 1545 662 1601 ejusmodi⁷
693 1546 845 1589 ridere
878 1547 1031 1596 debet,
1063 1561 1156 1589 non
1185 1546 1398 1596 insanire,
1430 1546 1571 1588 immo
1602 1559 1673 1590 se-

119 1634 243 1691 {1322}ss
244 1636 285 1691 ξιξ..
341 1622 543 1664 cundum
565 1626 858 1678 praeceptum,
883 1637 942 1665 ne
968 1637 1052 1678 per
1081 1622 1235 1664 Deum
1266 1621 1452 1676 quidem
1480 1622 1671 1666 remale-

341 1697 510 1748 dicere,
535 1697 618 1741 sed
641 1697 776 1753 plane
799 1698 1076 1741 benedicere
1103 1712 1186 1753 per
1209 1698 1376 1748 Deum,
1400 1700 1454 1740 ut
1477 1701 1526 1741 et
1545 1698 1672 1742 idola

340 1773 551 1817 destruas
567 1778 616 1818 et
630 1774 785 1819 Deum
799 1775 1021 1830 praedices
1037 1778 1086 1818 et
1102 1774 1352 1830 adimpleas
1370 1773 1668 1830 disciplinam.

122 1861 160 1891 c.
177 1861 297 1892 xxn.
435 1852 586 1906 AEque
615 1851 828 1894 benedici
856 1866 939 1907 per
969 1852 1081 1895 deos
1111 1851 1351 1894 nationum
1374 1850 1557 1894 Christo
1587 1850 1670 1895 ini-

119 1922 151 1940 01·
166 1915 291 1947 allowing

118 1946 321 2001 itii-{eiffffiaelgess
339 1972 416 2009 him,
433 1973 574 2012 through
583 1974 690 2003 whose
703 1973 973 2012 instrumentality
1098 1971 1112 1990 ⁶
1131 1971 1225 2002 Jovis
1257 1971 1413 2002 honorem.
1458 1971 1545 2002 Here
1575 1972 1670 2011 again

117 2012 316 2068 {sslffionfflssffl3
340 2022 437 2051 Satan
452 2023 570 2061 sought
583 2025 618 2052 to
631 2023 707 2052 bind
721 2032 783 2062 you
797 2026 831 2052 to
843 2023 897 2052 the
908 2031 973 2052 ser·
1038 2021 1114 2061 Rig.
1130 2022 1271 2051 deviates
1291 2022 1373 2051 from
1387 2022 1442 2051 the
1456 2021 1510 2051 old
1526 2022 1671 2061 reading,

115 2065 313 2126 ffigssfflgegffi-
339 2072 406 2101 vice
420 2072 456 2100 of
466 2072 556 2108 idols,
571 2072 595 2101 i.
605 2081 632 2101 e.
646 2074 680 2101 to
695 2071 854 2111 idolatry.'
1038 2070 1248 2109 substituting
1268 2070 1347 2100 Jovi
1367 2071 1417 2100 for
1437 2071 1539 2101 Jovis.
1576 2070 1671 2102 Oehl.

117 2125 202 2152 nities.
398 2120 412 2138 ³
431 2121 530 2150 Immo
558 2121 626 2151 tibi.
667 2121 714 2150 La
730 2121 835 2151 Cerda
859 2123 973 2160 quotes
1037 2120 1156 2150 retains
1178 2120 1281 2157 Jovis,
1308 2120 1494 2159 comparing
1516 2120 1616 2150 above
1635 2120 1670 2150 in

338 2173 434 2203 Mart.
450 2173 509 2210 Ep.
519 2181 552 2201 v.
563 2175 618 2210 63:
632 2172 705 2201 Hoc
712 2172 806 2201 sentis
817 2171 832 2201 ,Ρ
846 2172 951 2210 inquis
960 2182 970 2202 .·
1036 2170 1100 2199 this
1114 2170 1247 2208 chapter
1260 2170 1371 2199 honori
1387 2169 1552 2200 idolorum.

326 2223 439 2260 faciat
454 2223 512 2252 tibi
525 2222 571 2252 sic
581 2222 653 2251 bene
669 2221 786 2257 Caesar,
803 2221 856 2251 Sic
873 2221 972 2260 Capi-
1095 2219 1109 2239 ⁷
1128 2220 1161 2248 in
1187 2218 1347 2257 ejusmodi.
1397 2219 1457 2248 See
1483 2218 1534 2248 De
1561 2218 1670 2258 Spect.

334 2273 450 2302 colinus
463 2272 724 2311 Jupiter—immo
734 2271 801 2300 tibi.
1036 2278 1062 2299 e.
1079 2272 1126 2306 26,
1139 2278 1171 2298 n.
1186 2278 1215 2298 1.

392 2321 407 2339 4
427 2322 558 2358 insanis,
580 2322 659 2360 ‘you
684 2330 739 2350 are
764 2319 909 2356 furious‚’
936 2329 971 2349 as
1096 2318 1155 2348 Ch.
1180 2318 1297 2348 XXII.
1339 2317 1348 2337 ¹
1372 2318 1499 2348 coloniae
1524 2318 1668 2349 Genium.

328 2371 399 2411 just
407 2371 522 2408 below,
528 2370 632 2400 ridere
643 2370 741 2406 debes,
750 2379 811 2398 non
821 2369 969 2398 insanire.
1034 2370 1043 2385 ‘
1053 2369 1092 2397 In
1106 2368 1314 2397 marmoribus
1328 2368 1468 2406 antiquis
1482 2371 1609 2398 exstant
1619 2368 1670 2398 in-

396 2419 409 2438 ⁵
432 2420 632 2450 idololatriae.
662 2419 802 2457 Gangn„
819 2419 890 2448 Gel.
908 2419 970 2449 and
1035 2417 1222 2455 scriptiones
1246 2416 1411 2446 COLONIAE
1442 2417 1570 2455 Gamo,
1598 2418 1669 2448 Gn·-

333 2469 453 2499 Pamel.
464 2478 497 2498 as
510 2469 543 2498 in
558 2471 636 2498 text.
650 2468 895 2504 Junius,Latin.
908 2468 971 2497 and
1034 2475 1095 2496 mo
1111 2467 1309 2503 Mumcwu,
1326 2467 1441 2497 Gamo
1457 2467 1594 2504 Fon-ns,
1609 2467 1670 2497 im.

332 2519 407 2557 Rig.
432 2518 630 2548 idololatria.
672 2518 719 2548 La
743 2517 857 2554 Cerda,
879 2517 972 2547 timor
1034 2525 1087 2544 mo
1102 2518 1134 2544 et
1150 2515 1265 2545 Gamo
1280 2516 1533 2546 Homznonuu:
1573 2517 1654 2547 Rm.

332 2571 411 2597 tuus.
433 2568 485 2597 No
500 2568 623 2605 change
636 2567 663 2596 is
677 2576 851 2605 necessary.
874 2567 883 2582 ‘
893 2566 963 2596 The
1093 2565 1107 2582 ¹¹
1127 2568 1310 2603 compensat.
1349 2565 1390 2595 So
1404 2566 1480 2604 Rig.
1495 2566 1558 2595 and
1571 2564 1666 2595 Oehl.

330 2616 508 2654 profession
523 2615 559 2645 of
576 2624 655 2654 your
678 2616 747 2645 fear
769 2615 836 2645 wiu
857 2616 896 2645 be
915 2615 970 2645 the
1033 2614 1115 2643 from
1139 2614 1282 2644 Ursinus.
1326 2614 1468 2654 Gangn.,
1497 2614 1571 2647 Gel.
1605 2613 1668 2644 and

330 2664 507 2703 profession
522 2665 558 2694 of
568 2665 725 2704 idolatry!
1035 2664 1156 2695 Pamel.
1171 2667 1376 2703 compensant.
