1812 2956
508 212 594 248 DE
627 210 1080 249 SPECTAOULISq
1429 206 1461 248 ’3

114 341 294 393 tendat,
335 342 492 386 omnia
536 357 566 385 a
608 342 716 386 Deo
759 341 975 385 instituta
1017 345 1068 385 et
1110 341 1288 385 homini
1331 342 1462 385 attri-
1501 349 1602 381 CAP.
1620 350 1668 381 11.

113 419 241 471 buta,
273 419 396 464 sicut
425 419 745 476 praedicamus,
775 423 826 463 et
854 419 1016 474 utique
1048 419 1171 463 bona
1204 419 1373 471 omnia,
1409 423 1463 463 ut
1479 429 1689 486 'glggffggffisof

1480 491 1545 516 does
1554 492 1602 515 not
1613 491 1686 516 show

106 497 227 542 -boni
261 498 492 542 auctoris:
538 498 662 542 inter
708 497 808 541 haec
850 497 1065 554 deputari
1104 498 1318 542 universa
1357 498 1460 549 ista,
1480 522 1551 547 thei„
1561 528 1660 553 prope,

1481 559 1613 584 purpose:
1625 552 1667 577 for

116 589 179 620 ex
223 575 391 632 quibus
436 575 702 633 spectacula
734 576 1038 626 instruuntur,
1076 575 1282 619 Circum¹
1334 575 1464 619 verbi
1481 582 1671 644 ggffiffldhoe

117 653 272 711 gratia
306 657 358 698 et
387 653 574 698 leonem
605 657 656 698 et
683 654 803 698 vires
838 653 1045 710 corporis
1080 656 1131 697 et
1161 653 1288 697 vocis
1311 652 1466 698 'suavi-
1482 643 1652 704 ζῖῗιὲἷὲἒα.

116 734 274 776 tates:
319 731 464 789 igitur
505 747 658 787 neque
705 732 908 776 alienum
944 732 1093 776 videri
1128 747 1265 788 posse
1312 747 1466 788 neque
1484 705 1631 731 Gen.1.31.

121 809 362 854 inimicum
391 810 500 854 Deo
531 810 658 865 quod
683 810 743 853 de
779 809 1048 853 conditione
1085 813 1270 853 constet
1302 811 1459 867 ipsius,

118 901 272 942 neque
302 886 558 931 cultoribus
588 887 682 931 Dei
703 887 987 944 putandum²
1011 887 1139 942 quod
1162 887 1255 931 Dei
1287 903 1382 931 non
1406 888 1467 932 sit

121 964 372 1016 inimicum,
409 964 518 1020 quia
562 979 651 1009 nec
697 964 913 1008 alienum.
983 964 1130 1008 Plane
1163 968 1213 1009 et
1246 965 1358 1022 ipsae
1390 980 1469 1009 ex-

121 1042 430 1086 structiones³
463 1041 686 1094 locorum,
727 1043 855 1098 quod
889 1057 1014 1094 saxa,
1057 1042 1185 1098 quod
1227 1047 1468 1094 caementa,

121 1119 249 1176 quod
270 1135 515 1171 marmora,
543 1121 671 1176 quod.
694 1121 934 1172 columnae,
955 1121 1049 1164 Dei
1071 1135 1147 1164 res
1171 1125 1293 1172 sunt,
1311 1122 1390 1176 qui
1415 1136 1472 1165 ea

115 1197 184 1241 ad
215 1197 527 1242 instrumenta
559 1202 699 1242 terrae
735 1199 881 1249 dedit,
906 1199 991 1242 sed
1016 1202 1065 1242 et
1099 1199 1187 1255 ipsi
1218 1203 1351 1242 actus
1385 1199 1471 1242 sub

128 1274 244 1319 coelo
283 1275 379 1319 Dei
418 1276 753 1332 transiguntur.

828 1276 981 1327 Quam
997 1276 1198 1332 -sapiens
1229 1290 1474 1332 argumen-

124 1353 274 1398 tatrix
311 1353 399 1396 sibi
429 1353 615 1397 videtur
649 1354 916 1410 ignorantia
948 1353 1178 1397 humana!
1214 1352 1475 1410 praesertim

125 1444 232 1475 cum
267 1429 444 1486 aliquid
474 1431 704 1487 ejusmodi
740 1430 800 1475 de
836 1430 1019 1488 gaudiis
1058 1434 1108 1474 et
1145 1431 1206 1475 de
1243 1431 1474 1474 fructibus

124 1507 282 1553 saeculi
313 1508 484 1552 metuit
514 1509 746 1553 amittere.
816 1509 982 1553 Plures
1014 1510 1216 1566 denique
1248 1510 1468 1560 invenias,

123 1599 241 1642 quos
260 1586 409 1643 magis
429 1586 688 1643 periculum
710 1587 974 1644 voluptatis,
1002 1603 1141 1643 quam
1164 1588 1287 1640 vitae,
1307 1591 1474 1632 avocet

123 1663 184 1707 ab
206 1662 295 1708 hac
318 1667 460 1708 secta.
531 1664 656 1707 Nam
679 1668 881 1708 mortem
906 1665 1050 1709 etiam
1074 1665 1243 1710 stultus
1267 1669 1321 1708 ut
1345 1665 1473 1709 debi-

125 1745 224 1785 tam
257 1756 353 1786 non
380 1741 663 1795 extimescit,
693 1742 983 1800 voluptatem
1017 1743 1162 1787 etiam
1197 1743 1380 1800 sapiens
1420 1746 1476 1786 ut

124 1821 308 1863 tantam
337 1833 432 1863 non
464 1820 737 1873 contemnit,
775 1834 883 1864 cum
915 1820 1006 1864 alia
1035 1835 1130 1864 non
1158 1821 1219 1866 sit
1248 1824 1298 1864 et
1329 1820 1474 1864 stulto
1494 1830 1593 1857 Eecles·
1608 1829 1643 1855 iii·
1658 1831 1695 1856 22-

126 1953 197 1985 rule
210 1954 247 1984 of
255 1953 336 1985 life?
377 1954 472 1985 Some
486 1955 561 1985 take
582 1955 714 1986 consilio
730 1957 766 1985 to
831 1958 1009 1986 struuntur.
1025 1955 1163 1994 Equum.

82 2718 92 2729 ·
133 2703 204 2735 The
227 2705 294 2734 rest
316 2703 443 2734 circum.

128 2004 170 2035 be
183 2004 240 2034 the
260 2004 325 2035 abl.
345 2005 408 2034 and
429 2004 604 2044 discipline
624 2005 680 2034 the
701 2005 767 2035 dat.

127 2062 221 2091 eas03
238 2062 327 2084 some
340 2054 419 2084 both
434 2057 469 2083 to
484 2054 524 2084 be
538 2053 670 2084 dative&
699 2054 769 2084 The

128 2103 270 2144 position
285 2104 322 2133 of
338 2103 508 2134 obetinatio
522 2104 655 2146 inclines
670 2113 720 2133 me
735 2107 770 2134 to

129 2154 276 2185 consider
285 2154 463 2194 disciplina:
476 2164 511 2184 as
526 2149 581 2185 'the
591 2164 666 2193 gen.
687 2154 769 2184 Dis-

127 2204 260 2245 ciplina,
277 2205 352 2235 ‘the
367 2204 529 2235 Christian
550 2205 620 2235 rule
641 2205 677 2234 of
694 2204 774 2236 life?

127 2255 271 2295 Apolog.
296 2264 326 2286 o.
351 2263 401 2294 45,
421 2264 476 2286 nec
498 2255 602 2294 plenae
625 2264 680 2284 nec
699 2254 770 2285 ideo

127 2296 268 2336 timessdae
281 2305 356 2336 estis
368 2305 546 2344 disciplinae
562 2305 608 2335 ad
627 2305 770 2335 innocen-

129 2355 184 2386 ἦα
196 2355 367 2386 veritatem.
397 2355 462 2384 ‘At
472 2355 516 2384 all
531 2358 641 2385 events
656 2355 711 2384 the
722 2364 771 2384 re-

130 2403 271 2434 solution
292 2413 459 2444 necessary
480 2405 532 2434 for
563 2414 599 2434 so
630 2404 722 2435 strict
751 2414 771 2434 a

130 2454 202 2486 rule
215 2455 253 2485 of
269 2454 325 2485 life
345 2454 460 2484 should
475 2454 533 2484 fall
547 2455 579 2484 in
594 2455 673 2485 with
694 2455 771 2493 <and

129 2504 320 2544 strengthen
334 2504 425 2534 itself
441 2503 530 2552 hym}
542 2504 617 2543 plan
633 2514 667 2534 so
689 2505 770 2534 suit-

131 2553 203 2584 uble
220 2554 284 2583 and
304 2553 469 2593 prudent-⁹
496 2558 509 2590 ἵ

192 2603 254 2634 Ch.
268 2603 312 2634 11.
351 2602 360 2621 ¹
384 2603 510 2635 circum.
553 2603 632 2634 Cod.
642 2603 711 2643 Ag.
722 2604 771 2634 ins

135 2663 287 2693 ...quum
313 2654 441 2693 Ganga.
457 2654 663 2685 instruuntur.
682 2654 770 2685 Cum.

503 2704 580 2744 Rig.
607 2705 700 2735 reads
721 2705 771 2734 in-

896 2005 910 2023 2
924 2004 1112 2043 putandum.
1156 2004 1237 2034 Cod.
1258 2003 1326 2042 Ag.
1347 2004 1399 2034 cul
1401 2026 1474 2035 ......

835 2054 1057 2094 deputandum.
1087 2054 1178 2083 Pam.
1193 2053 1367 2084 vitandum.
1397 2054 1474 2093 Rig.

833 2104 916 2133 from
932 2103 1124 2142 conjecture,
1138 2103 1238 2142 culpae
1257 2103 1478 2142 deputandum,

834 2154 898 2183 and
921 2153 1015 2184 Oehl.
1039 2154 1213 2184 cultoribus
1237 2154 1302 2183 Dei
1326 2154 1478 2192 deputan-

834 2203 918 2234 dum.
961 2204 1031 2233 The
1056 2204 1191 2243 reading
1212 2204 1245 2233 in
1273 2204 1329 2233 the
1356 2206 1426 2234 text
1450 2204 1478 2233 ie

835 2254 907 2284 that
929 2254 966 2284 of
996 2254 1194 2294 Gnngnaeus,
1218 2254 1299 2283 ‘and
1329 2254 1400 2283 that
1420 2254 1476 2284 the

835 2304 1051 2343 worshippers
1074 2304 1110 2334 of
1139 2304 1213 2334 God
1235 2304 1338 2342 ought
1360 2306 1418 2333 not
1440 2307 1476 2333 to

835 2354 982 2384 consider
1000 2364 1035 2384 as
1056 2355 1168 2383 odious
1190 2354 1276 2384 what
1290 2354 1317 2383 is
1334 2357 1392 2383 not
1406 2354 1476 2383 odi-

836 2413 894 2434 ous
908 2407 944 2434 to
961 2405 1034 2434 God
1047 2405 1182 2434 because
1197 2404 1222 2434 it
1238 2405 1263 2433 is
1278 2407 1336 2434 not
1348 2404 1476 2443 foreign

835 2457 870 2484 to
885 2454 982 2485 Him?
1010 2455 1079 2484 The
1094 2463 1180 2484 same
1194 2458 1367 2493 argument
1380 2455 1406 2484 is
1420 2463 1476 2484 ex-

835 2504 963 2534 amined
978 2504 1010 2533 in
1026 2504 1076 2533 De
1093 2504 1181 2535 Cult.
1197 2504 1298 2534 Foem.
1317 2515 1340 2534 1.
1357 2507 1385 2535 8.

896 2553 909 2572 ³
923 2554 1155 2591 eaestructiones,
1177 2554 1231 2584 the
1256 2555 1418 2593 buildings
1442 2554 1479 2584 of

835 2605 977 2635 theatres
991 2605 1054 2634 and
1068 2605 1124 2634 the
1136 2605 1211 2634 like.
1242 2608 1272 2635 et
1290 2605 1354 2644 ipsi
1374 2608 1476 2637 actus.

835 2657 843 2672 ‘
855 2655 887 2684 It
900 2655 926 2684 is
940 2654 1038 2684 God’s
1048 2655 1169 2685 heaven
1183 2655 1285 2685 under
1298 2655 1403 2686 which
1421 2656 1477 2687 the

836 2713 910 2744 very
934 2704 1172 2744 person-mances
1194 2706 1269 2736 take
1283 2705 1398 2746 plaee.’

1221 2763 1342 2804 1--2
