1812 2956
339 182 394 226 84
688 186 1102 226 TERTULLIANI
1139 184 1316 226 LIBER

122 329 318 361 CARXH.
338 320 457 364 fidei.
528 319 681 362 Nemo
726 333 899 369 eorum,
946 333 1060 374 quos
1091 319 1320 363 Dominus
1354 319 1525 377 allegit,
1561 321 1673 364 Non

119 388 500 446 ——habeQ
525 395 657 446 dixit,
690 409 781 450 quo
812 395 972 439 vivam.
1040 395 1179 440 Fides
1206 400 1363 440 tamen
1396 412 1490 440 non
1522 397 1671 441 timet.

339 472 437 516 Scit
474 472 615 515 etiam
650 471 821 514 famem
853 485 946 514 non
980 471 1130 515 minus
1166 472 1252 515 sibi
1287 473 1673 516 contemnendam

337 552 527 605 propter
550 549 718 598 Deum,
745 563 882 602 quam
907 562 1043 591 omne
1073 549 1236 592 mortis
1265 563 1423 605 genus.
1492 549 1674 593 Didicit

336 641 429 668 non
452 625 682 681 respicere
706 625 860 675 vitam,
891 629 1065 680 quanto
1096 626 1243 682 magis
1270 626 1480 669 victum?
1550 627 1675 678 Quo-

120 718 318 745 Luaxviiiw.
336 702 607 757 tusquisque
644 702 744 745 haec
779 702 1083 758 adimplevit?
1153 703 1246 746 Sed
1283 717 1385 757 quae
1418 717 1561 758 penes
1595 702 1674 746 ho-

142 795 303 827 c.x111.
337 780 484 823 mines
525 779 738 829 difficilia,
777 794 919 835 penes
955 779 1111 822 Deum
1133 779 1298 825 facilia.
1362 779 1472 823 *Sic
1495 779 1674 822 tamen¹

117 849 315 910 ᾚᾹῖἰῑῖἱιὲξνθ
338 857 470 899 nobis
503 856 563 898 de
594 855 947 898 mansuetudine
983 859 1032 898 et
1067 855 1313 899 clementia
1346 856 1440 899 Dei
1473 855 1676 899 blandia-

119 917 229 935 savours
240 911 269 935 of

118 940 292 1001 ggffiggnsu-
338 948 453 983 mur,
483 935 536 975 ut
565 947 658 975 non
687 947 832 987 usque
862 933 924 975 ad
953 932 1225 976 idololatriae
1250 933 1495 977 affinitates
1518 947 1676 977 neces-

121 1001 258 1031 sacrifices,

119 1031 268 1066 shoyvsand
339 1009 552 1052 sitatibus
581 1009 843 1065 largiamur,
877 1009 959 1052 sed
994 1023 1178 1052 omnem
1213 1009 1416 1052 afflatum
1447 1010 1545 1066 ejus
1573 1009 1674 1054 vice

119 1061 248 1087 remam:
338 1084 481 1139 pestis
519 1083 660 1126 etiam
698 1082 757 1125 de
787 1083 1040 1138 longinquo
1078 1082 1350 1133 devitemus,
1386 1098 1480 1126 non
1515 1083 1563 1126 in
1603 1083 1675 1128 his

336 1163 520 1202 tantum
566 1174 668 1214 quae
718 1159 1033 1215 praemisimus,
1080 1159 1163 1202 sed
1206 1159 1254 1201 in
1299 1159 1510 1203 universa
1555 1160 1674 1204 serie

336 1236 547 1279 humanae
572 1236 922 1292 superstitionis,
948 1236 1041 1279 sive
1064 1236 1163 1279 deis
1192 1236 1298 1287 suis,
1321 1237 1414 1280 sive
1430 1237 1673 1289 defunctis,

337 1313 431 1355 sive
455 1313 641 1368 regibus
673 1312 959 1368 mancipatae,
984 1315 1038 1355 ut
1065 1312 1125 1354 ad
1157 1313 1346 1356 eosdem
1377 1313 1564 1369 spiritus
1593 1314 1674 1356 im-

337 1390 533 1433 mundos
567 1389 854 1446 pertinentis,
894 1389 1034 1432 modo
1070 1404 1154 1445 per
1188 1390 1409 1434 sacrificia
1443 1394 1492 1433 et
1526 1405 1675 1435 sacer-

337 1467 478 1517 dotia,
516 1468 656 1511 modo
693 1482 775 1523 per
813 1466 1076 1523 spectacula
1117 1470 1166 1510 et
1205 1467 1294 1510 hoc
1333 1481 1493 1524 genus,
1533 1468 1674 1511 modo

329 1557 419 1599 per
441 1544 587 1587 festos
612 1544 725 1587 dies.

118 1626 304 1652 Wemusstab-
429 1620 522 1663 Sed
545 1621 604 1663 de
628 1621 860 1664 sacrificiis
884 1635 944 1682 ex
967 1622 1026 1664 de
1051 1620 1319 1665 sacerdotiis
1343 1621 1454 1675 quid
1476 1621 1674 1676 loquar?

119 1658 190 1682 stain
202 1658 270 1681 from

120 1687 297 1771 {eg‘ssssssssnfffi
335 1697 412 1739 -Dc
460 1697 733 1752 spectaculis
779 1702 937 1740 autem
983 1701 1032 1740 et
1078 1697 1390 1753 voluptatibus
1448 1698 1674 1753 ejusmodi

119 1754 495 1833 ffiffffgfffiggfflsuum2
515 1774 615 1829 jam
642 1773 855 1816 volumen
886 1773 1183 1829 implevimus.
1249 1773 1354 1816 Hoc
1377 1773 1480 1817 loco
1502 1777 1674 1825 retrac-

121 1839 151 1862 οἰ
159 1838 205 1863 the
216 1845 296 1863 name

120 1868 250 1893 oschrist.
336 1850 426 1891 tari
449 1853 636 1905 oportet
657 1850 715 1893 de
738 1850 870 1893 festis
895 1851 1058 1894 diebus
1089 1854 1138 1893 et
1165 1850 1265 1893 aliis
1297 1851 1673 1895 extraordinariis

337 1925 732 1977 sollemnitatibus,
776 1941 889 1981 quas
924 1927 1159 1970 interdum
1198 1927 1407 1978 laseiviae,
1439 1927 1673 1971 interdum

397 2043 458 2074 Ch.
480 2043 580 2075 XIII.
622 2043 632 2061 ¹
656 2043 711 2074 Sic
734 2046 848 2074 tamen.
888 2043 922 2073 It
944 2043 972 2074 is
1035 2050 1125 2083 upon
1141 2043 1243 2074 God's
1255 2038 1462 2084 mereboto(

335 2094 427 2123 nsua]
455 2096 490 2122 to
517 2094 614 2133 begin
642 2103 661 2123 a
681 2094 768 2123 fresh
790 2094 971 2133 paragraph
1097 2092 1111 2111 ²
1130 2102 1226 2122 suum.
1262 2094 1321 2124 See
1331 2094 1381 2124 De
1391 2094 1535 2132 Spect.e.
1546 2095 1593 2131 28,
1601 2103 1632 2124 n.
1643 2102 1671 2125 1.

336 2143 422 2172 here.
456 2143 522 2172 But
534 2143 663 2180 Oehler,
674 2143 718 2182 (in
731 2144 838 2173 whose
853 2144 971 2173 edition
1098 2141 1111 2160 ³
1130 2142 1316 2180 hujusmodi.
1357 2143 1417 2173 See
1439 2152 1480 2173 on
1498 2143 1548 2173 De
1563 2143 1669 2183 Spect.

335 2193 365 2222 si
379 2196 480 2222 tamen
493 2193 518 2222 is
532 2193 607 2222 read
621 2193 810 2231 apparently
818 2193 859 2230 by
870 2202 889 2222 a
899 2194 973 2221 mis·
1040 2201 1066 2221 e.
1082 2195 1130 2227 26,
1146 2201 1178 2222 n.
1196 2202 1224 2221 1.

336 2241 446 2280 print,)
469 2242 609 2271 remarks
637 2242 708 2271 that
732 2241 796 2271 this
823 2245 972 2272 sentence
1098 2240 1112 2258 ⁴
1135 2241 1256 2271 Saeculo
1275 2244 1412 2271 autem...
1450 2241 1502 2271 De
1518 2242 1671 2281 Specta

336 2291 449 2320 should
463 2291 502 2320 be
516 2292 691 2321 connected
705 2291 783 2320 with
799 2291 885 2320 what
899 2301 972 2330 pre·
1040 2292 1092 2327 283
1110 2290 1161 2320 De
1177 2291 1250 2320 Cor.
1264 2300 1292 2320 c.
1310 2300 1358 2328 13.

336 2341 440 2369 cedes.
484 2340 554 2370 The
568 2343 738 2378 argument
751 2339 778 2369 is
798 2340 876 2370 this:
900 2341 932 2370 lt
945 2340 972 2369 is
1098 2339 1112 2357 ⁶
1130 2339 1284 2369 Eleazar.
1327 2340 1416 2370 Thus
1438 2340 1471 2369 in
1497 2341 1577 2372 Cod.
1595 2340 1672 2380 Ag„

336 2392 408 2419 true
422 2390 493 2419 that
503 2390 566 2419 few
578 2390 659 2419 fulfil
670 2390 733 2419 this
747 2390 970 2428 requirement.
1041 2389 1168 2427 Gangn.
1184 2389 1247 2417 and
1263 2389 1334 2418 Gel.
1371 2389 1490 2419 Pamel.
1511 2390 1574 2419 and
1592 2388 1669 2430 Rig.

337 2438 404 2468 But
420 2439 492 2469 God
507 2440 533 2468 is
547 2449 582 2469 so
596 2439 750 2476 merciful,
765 2440 835 2469 that
848 2439 935 2469 what
944 2439 971 2468 is
1037 2437 1197 2474 Lazarus,
1230 2439 1289 2467 but
1323 2437 1404 2477 Rig.
1439 2442 1553 2477 quotes
1586 2441 1669 2470 from

336 2489 519 2527 impossible
530 2489 608 2518 with
623 2498 694 2518 men
706 2490 732 2518 is
747 2489 884 2527 possible
893 2489 971 2518 with
1038 2486 1195 2516 Prudent.
1217 2487 1362 2517 Cathem.
1385 2496 1421 2517 x.
1444 2497 1518 2526 153:
1542 2488 1670 2519 Gremio

339 2539 421 2574 God,
437 2539 499 2568 and
517 2548 552 2568 so
567 2548 644 2569 even
663 2539 754 2568 those
768 2539 841 2568 who
856 2539 896 2568 do
914 2542 971 2568 not
1037 2536 1119 2565 senis
1134 2536 1247 2566 addita
1267 2538 1369 2567 sancti
1381 2537 1563 2575 Recubabit,
1577 2542 1612 2569 ut
1626 2542 1672 2570 est

335 2587 416 2616 fulfil
432 2588 457 2617 it
471 2597 541 2627 may
551 2590 642 2618 enter
654 2588 721 2618 into
734 2588 792 2617 His
806 2588 970 2627 kingdom.
1036 2585 1190 2615 Eleazar.
1242 2586 1285 2616 So
1309 2587 1342 2615 in
1366 2587 1417 2616 De
1445 2587 1552 2618 Anim.
1580 2596 1609 2619 c.
1639 2596 1668 2627 7.

336 2637 505 2674 However,
520 2648 569 2669 we
586 2641 671 2668 must
691 2641 748 2668 not
768 2647 803 2668 so
825 2647 971 2677 presumo
1038 2636 1119 2666 Cod.
1153 2637 1218 2676 Ag.
1246 2637 1339 2666 reads
1369 2637 1536 2675 Eleazar-i,
1563 2638 1670 2669 where

1709 1622 1771 1663 (³³
