1812 2956
352 176 443 217 ’158
493 180 844 218 TERTULLIANI
875 181 1030 217 LIBER
1060 181 1140 217 DE
1165 180 1378 218 CORONA
1406 180 1631 220 MILITIS.

140 321 238 352 CAP.
257 322 338 353 XV·
354 320 387 364 J
388 334 501 371 esse,
534 335 673 377 super
707 334 845 375 quem
874 323 978 363 tota
1006 319 1166 363 Divini
1202 318 1398 375 Spiritus
1434 320 1586 378 gratia
1621 334 1692 366 re—

356 396 543 451 quievit,
568 397 730 440 florem
756 397 1088 452 incorruptum,
1112 396 1554 450 immarcescibilem,
1575 412 1694 443 sem-

355 474 601 530 piternum,
627 488 765 528 quem
789 476 838 517 et
858 473 1007 516 bonus
1039 473 1170 516 miles
1198 473 1413 530 eligendo
1443 473 1492 516 in
1519 473 1694 519 coelesti

357 550 640 606 dignatione,
665 549 958 594 ordinatione
981 550 1218 606 profecit⁵.
1289 550 1579 602 Erubescite,
1602 551 1695 595 Ro-

357 633 481 676 mani
508 633 845 676 commilitones
869 632 979 689 ejus,
996 632 1096 688 jam
1119 646 1213 674 non
1235 632 1294 675 ab
1317 632 1418 689 ipso
1436 631 1694 689 judicandi,

357 710 441 754 sed
459 710 517 753 ab
547 710 700 766 aliquo
729 709 941 753 Mithrae⁶
969 709 1130 760 milite,
1162 708 1242 764 qui
1272 724 1378 753 cum
1407 709 1616 754 initiatur
1645 709 1695 754 in

358 787 541 844 spelaeo,
565 788 614 830 in
646 787 810 831 castris
832 801 941 831 vere
971 786 1283 837 tenebrarum,
1315 801 1535 831 coronam
1554 786 1696 831 inter-

357 865 510 921 posito
545 864 702 921 gladio
726 864 814 908 sibi
836 863 1054 914 oblatam,
1085 864 1216 918 quasi
1249 864 1441 907 mimum
1473 863 1694 921 martyrii,

359 940 528 985 dehinc
566 941 708 998 capiti
743 955 827 984 suo
869 940 1268 984 accommodatam
1306 945 1524 985 monetur
1561 940 1697 986 obvia

357 1034 498 1064 manu
527 1035 556 1063 a
591 1020 743 1076 capite
783 1019 968 1076 pellere,
1007 1022 1057 1062 et
1091 1018 1139 1061 in
1179 1018 1434 1071 humerum,
1479 1019 1518 1063 si
1556 1019 1694 1071 forte,

359 1097 624 1148 transferre,
668 1096 827 1140 dicens
869 1095 1093 1139 Mithram
1142 1109 1243 1139 esse
1289 1109 1508 1139 coronam
1551 1109 1694 1140 suam.

357 1174 517 1228 Atque
541 1172 710 1216 exinde
733 1187 967 1228 nunquam
989 1176 1250 1223 coronatur,
1274 1172 1415 1228 idque
1436 1173 1485 1216 in
1513 1173 1696 1230 signum

357 1250 500 1294 habet
522 1250 584 1293 ad
605 1250 929 1307 probationem
952 1249 1035 1300 sui,
1060 1249 1207 1293 sicubi
1229 1253 1439 1294 tentatus
1463 1250 1607 1294 fuerit
1634 1249 1696 1295 de

357 1331 661 1379 sacramento,
705 1327 956 1382 statimque
997 1326 1205 1370 creditur
1248 1326 1436 1370 Mithrae
1474 1326 1619 1379 miles,
1657 1326 1697 1370 si

358 1404 582 1460 dejecerit
605 1418 836 1455 coronam,
860 1403 899 1447 si
928 1417 1032 1446 eam
1062 1403 1110 1446 in
1145 1403 1235 1447 deo
1267 1418 1351 1448 suo
1379 1418 1482 1448 esse
1509 1403 1693 1448 dixerit.

358 1482 680 1537 Agnoscamus
717 1479 906 1536 ingenia
945 1479 1131 1531 diaboli,
1172 1480 1347 1524 idcirco
1384 1479 1597 1536 quaedam
1634 1479 1695 1524 de

357 1557 521 1600 divinis
544 1556 819 1607 affectantis,
843 1559 897 1599 ut
920 1569 1004 1599 nos
1027 1555 1087 1600 de
1111 1569 1299 1600 suorum
1319 1557 1412 1601 fide
1441 1556 1696 1602 confundat

357 1639 407 1678 et
425 1634 621 1691 judicet.

415 1736 429 1754 ⁵
455 1736 489 1766 in
510 1736 624 1767 coelesti
644 1737 836 1776 diqnntione,
860 1736 991 1766 ordina-

355 1787 436 1816 tione
452 1786 600 1825 profecit,
622 1787 698 1816 ‘has
720 1788 800 1817 been
823 1786 991 1825 promoted

354 1836 386 1865 in
403 1836 555 1875 heavenly
568 1836 692 1865 honour
705 1836 768 1866 and
785 1834 890 1865 rank.'
921 1834 992 1864 The

354 1886 529 1925 asyndeton
555 1886 582 1915 is
615 1895 761 1916 common
793 1886 826 1915 in
854 1884 990 1916 Tertull.

357 1936 436 1966 Cod.
453 1936 518 1975 Ag.
535 1936 698 1974 (followed
720 1937 759 1975 by
775 1935 883 1972 Oehl.)
897 1934 991 1964 omits

354 1985 544 2024 diqnatione,
578 1986 653 2024 Rig.
666 1986 758 2015 reads
768 1985 802 2014 in
815 1984 928 2015 coelesti
937 1993 991 2013 or-

355 2035 515 2065 dinatione
528 2035 709 2075 diqnatione
721 2035 865 2075 profecit,
885 2037 990 2065 trans-

353 2085 440 2115 lated
460 2086 502 2124 by
520 2085 664 2124 Dong.:
697 2085 792 2114 ‘hath
813 2086 893 2115 been
915 2093 991 2123 pro-

353 2135 463 2165 moted
485 2138 520 2164 to
544 2135 668 2165 honour
693 2134 726 2164 in
753 2135 808 2164 the
835 2134 931 2163 ranks
958 2133 995 2162 of

353 2185 493 2215 heaven?

412 2234 426 2253 ⁶
455 2234 598 2264 Mithrae.
640 2232 710 2263 The
736 2232 883 2262 Persians
909 2240 992 2261 wor-

354 2284 488 2323 shipped
501 2285 556 2314 the
571 2292 630 2313 sun
649 2283 751 2313 under
770 2283 825 2312 the
846 2292 938 2312 name
958 2282 995 2311 of

353 2334 500 2363 Mithras.
551 2332 611 2363 See
635 2332 724 2362 B'aeihr
749 2341 790 2361 on
817 2332 936 2362 Herod.
965 2340 990 2361 1.

355 2393 420 2421 131,
435 2383 499 2412 and
518 2382 670 2412 Barthius
684 2390 724 2410 on
747 2381 829 2411 Stat.
845 2381 948 2410 Theb.
968 2390 991 2410 1.

355 2441 429 2471 719:
459 2442 514 2462 seu
536 2431 648 2461 Persei
670 2431 727 2460 sub
754 2431 885 2469 rupibus
908 2431 995 2460 antri

352 2482 527 2521 Indiynata
552 2481 640 2520 sequi
667 2483 854 2520 torquentem
876 2489 995 2510 cornua

352 2532 522 2562 Mithram.
558 2531 678 2561 Herod.
700 2530 858 2560 mentions
874 2530 995 2569 Μίτρα

1059 1744 1094 1766 as
1107 1745 1127 1766 a
1145 1745 1296 1775 synonym
1310 1736 1357 1766 'of
1377 1735 1506 1774 Venus3
1525 1735 1590 1766 and
1608 1745 1697 1768 some

1061 1795 1199 1825 suppose
1237 1787 1308 1817 that
1341 1787 1397 1817 the
1430 1787 1578 1823 Persians
1613 1795 1697 1818 wor-

1060 1835 1195 1874 shipped
1210 1836 1264 1866 the
1278 1845 1337 1866 sun
1350 1846 1385 1866 as
1398 1836 1547 1873 Mithrae,
1561 1836 1625 1867 and
1639 1836 1695 1868 tho

1061 1894 1156 1915 moon
1169 1895 1204 1915 as
1223 1886 1353 1916 Mithra.
1395 1886 1464 1917 The
1484 1886 1574 1916 word
1595 1886 1696 1917 Mith-

1061 1944 1112 1964 ras
1126 1936 1305 1975 constantly
1317 1935 1416 1965 forms
1427 1938 1500 1975 part
1513 1936 1550 1966 of
1565 1935 1695 1966 Persian

1061 1993 1179 2023 proper
1195 1994 1314 2023 names,
1336 1994 1371 2014 as
1390 1984 1610 2024 Mithridates,
1624 1985 1695 2016 Mi·

1061 2034 1208 2071 trebates,
1220 2034 1412 2072 Ithamitres,
1427 2034 1617 2072 Sirmium,
1632 2035 1696 2066 and

1061 2085 1116 2114 the
1129 2085 1203 2114 like.
1246 2085 1361 2123 Comp.
1376 2084 1427 2114 De
1442 2084 1573 2114 Praescr.
1589 2094 1618 2115 c.
1636 2094 1692 2122 40:

1059 2135 1107 2164 Et
1125 2135 1154 2164 si
1175 2134 1278 2164 adhuc
1298 2134 1430 2171 memini,
1444 2133 1572 2164 Mithra
1590 2134 1696 2174 siqnat

1060 2184 1129 2214 illic
1149 2185 1182 2213 in
1191 2184 1357 2223 frontibus
1376 2184 1489 2214 milites
1507 2193 1579 2213 suos
1587 2193 1604 2220 ‚·
1619 2184 1695 2215 cele-

1060 2234 1133 2264 brat
1148 2234 1242 2273 panis
1266 2234 1461 2271 oblationem,
1483 2237 1513 2263 et
1531 2233 1696 2273 imaqinem

1061 2284 1296 2314 resurrectionis
1309 2283 1438 2320 inducit,
1460 2286 1490 2313 et
1509 2283 1566 2313 sub
1584 2283 1694 2323 qladio

1058 2334 1183 2363 redimit
1203 2342 1359 2363 coronam.
1399 2332 1487 2362 Adv.
1499 2333 1599 2363 Marc.
1618 2342 1641 2363 1.
1665 2342 1694 2364 c.

1062 2392 1117 2420 13:
1140 2382 1220 2412 sicut
1239 2382 1341 2411 aridae
1365 2385 1394 2411 et
1414 2381 1555 2411 ardentis
1574 2384 1694 2412 naturoe

1061 2435 1258 2462 sacramenta
1280 2432 1380 2462 leones
1404 2431 1535 2462 Mithra>
1549 2431 1694 2470 philoso-

1056 2482 1210 2521 phantur.
