1812 2956
368 183 424 224 48
720 188 1133 225 TERTULLIANI
1171 188 1346 224 LIBER

157 328 196 360 c.
212 329 344 360 XXVI.
369 319 565 362 dominis
604 319 787 362 servire.
860 317 985 369 Quid
1023 317 1116 362 luci
1152 332 1258 361 cum
1294 318 1534 362 tenebris?
1588 304 1702 373 quid

149 409 235 436 2001.
247 410 278 436 vi.
292 410 329 436 14.
368 395 474 437 vitae
498 398 547 438 et
569 394 747 438 morti?

201 485 300 515 CAP.
467 472 633 515 Odisse
659 471 882 515 debemus
906 471 1020 515 istos
1038 475 1290 516 conventus
1314 476 1363 515 et
1386 474 1529 515 coetus
1553 471 1700 515 ethni-

177 523 324 554 xxvu.
812 548 820 557 .
861 549 870 558 .
1195 549 1204 558 .

149 576 246 601 Weou
264 577 335 602 mo
369 563 540 599 corum,
565 549 637 592 vel
661 548 787 604 quod
809 548 900 592 11110
923 562 1093 592 nomen
1115 549 1208 591 Del
1229 548 1583 605 blasphematur,
1606 548 1699 592 11110

149 607 314 691 Ξέἒὲἇῗίὲῗ
369 626 625 681 quotidiani
659 626 709 668 in
743 640 827 669 nos
863 625 1021 668 leones
1057 625 1424 681 expostulantur,
1458 624 1567 668 inde
1597 639 1700 681 per-

149 704 214 722 ΕΜ
226 675 329 727 δ’ωέὴ
367 704 630 747 secutiones
665 703 990 753 decernuntur,
1021 703 1129 745 inde
1164 702 1448 746 tentationes
1482 702 1698 746 emittun-

366 785 455 824 tur.
527 782 653 834 Quid
687 782 829 825 facies
875 782 922 824 in
967 781 1045 824 illo
1091 781 1412 837 suffragiorum
1453 780 1699 836 impiorum

366 859 580 902 aestuario
604 858 915 915 deprehensus
929 859 953 901 ⁴?
998 858 1108 902 Non
1132 858 1261 913 quasi
1287 857 1461 912 aliquid
1487 856 1579 900 illic
1601 856 1699 912 pati

365 936 510 991 possis
525 936 583 978 ab
598 935 858 978 hominibus
874 937 1027 991 (nemo
1042 939 1091 978 te
1107 935 1348 991 cognoscit
1357 933 1696 990 Christianum),

366 1013 449 1056 sed
471 1013 680 1069 recogita
703 1012 814 1067 quid
838 1013 896 1055 de
920 1016 970 1056 te
993 1014 1073 1056 fiat
1095 1013 1143 1054 in
1167 1012 1294 1055 coelo.
1351 1011 1551 1054 Dubitas
1575 1011 1698 1054 0111111

364 1089 443 1132 1110
466 1093 715 1139 111οΠ101110,
733 1104 824 1144 quo
849 1089 1057 1132 diabolus
1081 1089 1128 1131 in
1153 1088 1347 1131 ecclesia
1368 1087 1483 1130 furit
1494 1089 1521 1138 ¹,
1537 1101 1696 1130 omnes

364 1166 553 1221 angelos
590 1167 852 1222 prospicere
890 1166 950 1208 de
988 1166 1102 1209 coelo
1140 1169 1189 1209 et
1220 1165 1423 1221 singulos
1458 1164 1694 1215 denotare,

365 1243 465 1297 quis
502 1243 830 1299 blasphemiam
868 1243 1051 1293 dixerit,
1092 1243 1192 1297 quis
1228 1241 1440 1291 audierit,
1477 1241 1578 1296 quis
1614 1240 1698 1283 lin-

362 1334 514 1375 guam,
540 1321 641 1374 quis
669 1334 803 1363 aures
832 1319 1016 1362 diabolo
1040 1319 1258 1362 adversus
1281 1318 1437 1361 Deum
1470 1317 1697 1360 ministra-

363 1396 519 1439 verit?
575 1397 684 1439 Non
730 1411 842 1453 ergo
878 1397 1030 1453 fugies
1071 1396 1232 1439 sedilia
1270 1382 1474 1438 hostium
1510 1394 1694 1444 Christi,

362 1473 488 1515 illam
528 1473 796 1516 cathedram
833 1473 1213 1529 pestilentiarum,
1253 1472 1495 1528 ipsumque
1526 1485 1694 1522 aerem,

364 1550 442 1604 qui
483 1551 682 1606 desuper
717 1551 919 1601 incubat,
962 1550 1169 1593 scelestis
1205 1549 1394 1592 vocibus
1429 1551 1695 1603 constupra-

362 1631 464 1669 tum
479 1627 502 1669 P
576 1628 678 1670 Sint
713 1626 866 1669 dulcia
901 1626 1061 1670 licebit
1107 1630 1156 1669 01
1192 1629 1326 1681 grata
1373 1628 1422 1667 01
1458 1623 1692 1679 31111Ρ11010,

364 1704 504 1746 0110111
526 1703 722 1746 honesta
746 1703 965 1758 quaedam.
1035 1703 1188 1745 Nemo
1213 1716 1440 1744 venenum
1462 1703 1694 1756 temperat

361 1780 468 1822 felle
493 1784 542 1822 et
566 1780 782 1830 elleboro,
805 1780 888 1823 sed
912 1780 1110 1823 conditis
1134 1778 1381 1835 pulmentis
1411 1781 1460 1820 et
1483 1778 1602 1820 bene
1625 1791 1694 1840 sa-

360 1857 534 1912 poratis
570 1861 619 1899 et
652 1856 899 1913 plurimum
934 1856 1144 1899 dulcibus
1179 1855 1229 1898 id
1261 1855 1370 1897 mali
1403 1854 1560 1910 injicit.
1619 1853 1694 1896 Ita
1739 1874 1741 1877 ·

362 1937 411 1976 01
435 1933 644 1976 diabolus
667 1934 818 1983 letale,
845 1933 969 1988 quod
994 1933 1190 1982 conficit,
1214 1932 1352 1975 rebus
1375 1931 1468 1974 Dei
1490 1929 1692 1986 gratissi-

150 727 197 752 the
208 727 278 751 devil
289 734 345 753 sea-

148 764 210 782 sons
221 758 261 782 his
273 758 327 788 poi-

149 794 197 812 son
208 788 271 812 with

149 824 222 842 some
233 818 305 842 show
316 818 345 843 of

148 848 303 874 excellence.

147 1403 218 1429 Psal.
227 1403 244 1428 l.
254 1404 277 1428 1.

1060 2072 1264 2112 pulmonibus
1297 2071 1463 2111 exprimat.
1504 2070 1588 2100 Nam
1617 2070 1691 2100 inde

1062 2122 1193 2151 confusa
1224 2130 1346 2152 veneno
1384 2120 1479 2150 mella
1513 2119 1690 2158 stillabunt,

421 2074 482 2104 Ch.
498 2074 648 2104 XXVII.
681 2073 691 2091 ¹
714 2083 774 2113 quo
797 2073 942 2103 diabolus
959 2074 993 2103 in

360 2124 489 2154 ecclesia
522 2124 625 2162 furit.
686 2124 774 2152 Thus
810 2123 889 2153 Cod.
923 2125 988 2162 Ag.

361 2173 438 2212 Rig.
446 2174 527 2202 from
536 2173 668 2203 Ursinus
675 2173 843 2202 ecclesiam.
862 2173 989 2210 Gangn.

359 2223 444 2263 quod
456 2224 489 2252 in
502 2223 623 2252 diaboli
635 2223 795 2252 ecclesiam
798 2222 918 2260 fueris,
932 2223 991 2251 but

357 2274 390 2303 in
412 2274 467 2303 the
487 2273 611 2311 margin
628 2273 655 2301 is
673 2273 728 2302 the
741 2272 874 2309 reading
888 2272 924 2300 of
935 2272 989 2301 the

358 2326 437 2353 text.
471 2324 542 2353 Gel.
560 2324 622 2352 and
643 2323 730 2352 Pam.
747 2331 807 2361 quo
821 2322 854 2351 in
868 2321 990 2351 diaboli

357 2373 486 2403 ecclesia
489 2373 610 2412 fueris.

415 2423 430 2441 2
449 2424 487 2453 de
507 2424 678 2453 lucunculo,
722 2423 849 2461 Gangn.
870 2421 988 2451 deliva-

356 2474 495 2503 cumulo.
540 2474 612 2503 Gel.
640 2473 703 2501 and
730 2473 817 2502 Pam.
841 2471 879 2500 de
908 2471 986 2500 liba-

356 2523 494 2552 cunculo.
537 2523 576 2551 In
599 2522 679 2552 Cod.
694 2522 761 2560 Ag.
781 2521 843 2550 this
863 2523 935 2558 part
954 2520 991 2549 of

355 2572 410 2601 the
429 2573 561 2611 chapter
579 2572 607 2601 is
620 2571 771 2611 wanting.
813 2570 887 2609 Rig.
903 2570 985 2599 from

356 2621 499 2658 Ursinus,
514 2621 551 2651 de
571 2621 756 2651 ranuncula
790 2621 854 2650 ‘Ut
873 2620 898 2649 si
915 2619 985 2658 quis

354 2671 464 2700 favum
483 2671 585 2700 mellis
604 2680 667 2700 una
681 2679 752 2700 cum
766 2678 851 2699 ranae
863 2669 984 2698 rubetae

1060 2171 1156 2200 mella
1178 2171 1305 2209 quidem
1328 2170 1384 2200 sed
1405 2169 1581 2199 venenata!
1626 2168 1692 2198 For

1060 2221 1115 2250 the
1129 2221 1217 2249 habit
1238 2220 1274 2249 of
1289 2218 1467 2257 extracting
1483 2218 1594 2256 poison
1606 2217 1690 2247 from

1059 2269 1160 2306 toads,
1175 2278 1227 2298 see
1240 2269 1263 2298 J
1265 2278 1314 2298 uv.
1330 2269 1396 2297 Sat.
1412 2276 1437 2297 1.
1451 2270 1499 2304 69.
1527 2267 1689 2297 lucunculo

1058 2319 1085 2347 is
1107 2318 1244 2355 adopted
1258 2318 1299 2356 by
1316 2317 1441 2354 Junius,
1461 2316 1611 2356 Scaliger,
1626 2316 1690 2346 and

1060 2367 1190 2399 Oehler.
1225 2367 1405 2397 lucummlusi¹
1421 2367 1447 2396 is
1460 2366 1515 2396 the
1534 2367 1640 2396 dimin.
1655 2366 1692 2396 of

1057 2418 1174 2454 lucum,
1184 2418 1193 2433 ‘
1200 2426 1219 2446 a
1228 2425 1360 2455 savoury
1368 2415 1456 2452 dish,’
1463 2416 1546 2445 from
1554 2415 1688 2454 γλυκὺς.

1058 2467 1156 2505 Apul.
1175 2467 1253 2496 Met.
1271 2474 1308 2496 x.
1324 2475 1377 2503 13:
1398 2465 1566 2504 hicpaucs,
1580 2465 1687 2494 lucun-

1057 2518 1152 2554 culoe,
1166 2517 1284 2553 hamos,
1298 2516 1474 2553 lacertulos,
1484 2518 1513 2545 et
1525 2514 1687 2554 complura

1055 2567 1237 2597 scitamenta
1250 2565 1378 2595 mellita.

1116 2617 1176 2647 Ch.
1206 2616 1376 2647 XXVIII.
1418 2614 1429 2633 ¹
1451 2615 1586 2645 convivoe
1623 2614 1685 2650 sui,

1055 2676 1099 2698 sc.
1114 2665 1244 2696 diaboli.
1287 2666 1339 2696 On
1357 2665 1411 2695 the
1431 2673 1487 2694 use
1503 2665 1540 2694 of
1557 2664 1618 2702 sui,
1631 2673 1685 2694 see
