1812 2956
430 188 519 225 DE
559 186 806 225 CORONA
843 186 1105 225 MILITIS.
1360 182 1444 225 123

98 319 286 378 Acijicio
319 334 465 363 unum
508 319 663 363 adhuc
704 318 984 376 exemplum,
1026 322 1257 375 quatenus
1294 322 1345 363 et
1385 319 1445 364 de
1473 329 1574 361 CAP.
1601 328 1662 359 1v.

0 394 18 453 ξ
98 397 334 444 veteribus
374 398 548 442 docere
594 397 853 442 conveniet.
922 397 1066 454 Apud
1111 398 1144 441 J
1145 397 1304 442 udaeos
1348 401 1447 442 tam

0 472 18 535 {v
99 474 324 522 sollemne
341 478 416 520 est
436 475 623 520 feminis
647 489 809 519 eorum
829 474 1039 519 velamen
1062 475 1242 532 capitis,
1261 478 1316 518 ut
1336 475 1448 520 inde

0 543 3 549 ¹
99 554 365 597 noscantur.
451 551 623 603 Quaero
663 551 832 608 legem.
915 551 1197 608 Apostolum
1244 552 1447 597 differol.

102 629 154 674 Si
188 629 408 674 Rebecca
446 632 701 686 conspecto
730 628 895 685 procul
931 643 1102 685 sponso
1132 629 1344 673 velamen
1382 629 1449 673 in·
1466 639 1665 667 Gen-xxiv-65-

100 706 232 757 nsit,
257 707 464 764 privatus
484 707 637 764 pudor
656 706 812 763 legem
835 707 993 751 facere
1014 722 1109 751 non
1131 707 1300 764 potuit.
1349 707 1451 751 Aut

101 797 254 828 causoe
276 797 373 828 suae
392 783 610 828 fecerit':
645 787 870 840 tegantur
891 783 1095 840 virgines
1129 784 1253 835 solae,
1279 787 1329 828 et
1359 784 1450 829 hoc

101 863 301 918 nuptum
322 861 577 911 venientes,
600 875 690 905 nec
713 865 966 916 antequam
988 861 1452 918 cognoverint'spon-

100 952 191 983 sos.
250 937 300 982 Si
322 941 374 982 et
395 938 605 983 Susanna
627 938 676 980 in
690 937 872 994 judicio
894 938 1101 982 revelata
1123 942 1452 996 argumentum
1469 956 1568 983 susan.
1581 955 1619 980 32.

101 1014 286 1060 velandi
318 1018 522 1072 praestat,
558 1029 748 1072 possum
791 1015 964 1067 dicere,
1006 1016 1072 1059 Et
1116 1016 1193 1060 hic
1238 1017 1452 1061 velamen

100 1092 284 1137 arbitrii
311 1093 416 1137 fuit.
461 1091 463 1093 ’
486 1093 588 1138 Rea
618 1096 824 1144 venerat,
859 1094 1140 1138 erubescens
1171 1094 1231 1138 de
1261 1094 1454 1138 infamia

100 1185 198 1222 sua,
231 1171 403 1215 merito
436 1171 730 1216 abscondens
765 1171 1000 1222 decorem,
1029 1172 1104 1216 vel
1140 1172 1250 1227 quia
1281 1172 1453 1217 timens

93 1248 196 1306 jam
217 1248 418 1305 placere.
489 1248 714 1292 Ceterum
737 1249 786 1291 in
807 1249 960 1293 stadio
994 1250 1153 1293 mariti
1175 1264 1270 1293 non
1291 1253 1455 1306 putem

101 1325 304 1370 velatam
347 1326 671 1370 deambulasse
715 1341 814 1382 quae
860 1327 1051 1384 placuit.
1121 1327 1285 1372 Fuerit
1329 1342 1454 1372 nunc

102 1403 257 1448 velata
288 1417 500 1460 semper:
536 1403 585 1446 in
615 1404 716 1460 ipsa
751 1418 936 1459 quoque
970 1404 1126 1461 legem
1163 1405 1351 1448 habitus
1383 1419 1457 1448 re-

104 1480 252 1536 quiro,
275 1481 350 1525 vel
371 1480 421 1524 in
444 1495 737 1536 quacumque
758 1481 884 1526 alia-⁹⁶.

957 1482 1006 1526 Si
1041 1482 1196 1539 legem
1226 1496 1457 1538 nusquam

103 1597 160 1630 Aa
170 1597 344 1643 mduaemodi
352 1598 533 1639 reliqionem
549 1597 655 1629 Graeci
667 1608 745 1638 quo-

812 1602 941 1639 qantur.
981 1600 1103 1639 jecerit
1127 1599 1155 1630 is
1181 1599 1261 1630 used
1287 1608 1322 1629 aa
1349 1598 1457 1629 below

103 1649 512 1689 quacumbnenaffertur,
521 1649 621 1679 eolene
631 1648 744 1686 dicere,
802 1650 922 1690 fierit.
963 1650 1086 1687 Below,
1113 1659 1141 1680 c.
1173 1651 1201 1686 8,
1232 1648 1456 1688 exploraverit,

104 1699 180 1738 φός
201 1698 341 1739 ἀγαθὸν,
368 1699 480 1730 bonum
503 1699 615 1730 lumen.
665 1699 744 1729 And

105 1749 140 1780 S·
173 1749 279 1780 Baflss:
321 1748 414 1790 ἔδοξε
453 1753 529 1780 τοῖς
569 1749 746 1790 πατράσιν

103 1799 197 1840 *ipsiu
229 1800 278 1841 pti
304 1802 419 1840 σιωπῇ
451 1801 515 1834 τῆν
548 1801 648 1840 χάριν
683 1801 745 1831 τοῦ

105 1850 282 1890 inopino?
307 1850 425 1890 «pon-de
451 1850 621 1890 δέχεσθαι.
661 1851 745 1880 Pru-

105 1899 193 1931 dent.
220 1900 402 1931 Cathemer.
424 1900 542 1940 Hymn.
565 1901 606 1930 ad
633 1901 747 1930 Incen-

105 1958 177 1981 eum
201 1951 374 1982 Lucernae:
399 1951 428 1981 Ο
447 1960 498 1982 res
518 1951 626 1990 (liqna,
649 1950 747 1988 Deus,

106 2010 202 2042 quam
218 2002 279 2032 tibi
297 2001 434 2032 roscidae
453 2001 567 2032 Noctis
582 2001 747 2041 principio

106 2061 184 2091 Ψα-
198 2055 271 2083 tuus
283 2052 407 2093 qffirat,
420 2051 547 2082 Lucem.

168 2101 197 2121 ¹⁸
215 2102 390 2143 eiqnaculo,
424 2102 481 2133 the
518 2102 590 2141 sign
625 2102 663 2132 of
692 2101 748 2131 the

107 2162 206 2185 crosa.
248 2153 363 2192 Comp.
378 2153 420 2183 ad
430 2153 530 2184 Uxor.
542 2161 581 2183 11.
595 2161 633 2191 5:
653 2153 750 2183 Late-

107 2203 194 2234 bime
213 2206 257 2241 eu,
271 2213 340 2234 cum
360 2203 517 2241 lectulum,
532 2212 602 2233 cum
619 2211 749 2241 corpus-

107 2253 211 2285 culum
223 2253 333 2294 siquas
343 2252 360 2285 3³
394 2254 455 2284 See
468 2253 520 2284 De
535 2253 642 2292 Spect.
659 2262 685 2282 c.
699 2261 749 2290 24,

106 2313 140 2335 n.
156 2313 184 2335 1.

170 2353 231 2384 Ch.
245 2353 307 2384 1v.
345 2352 356 2372 ¹
377 2353 562 2393 Apostolum
579 2352 614 2383 di
673 2363 702 2384 0.
733 2353 751 2382 1

109 2406 172 2445 put
178 2404 234 2434 the
243 2403 369 2444 apoetle
382 2404 471 2434 asido
479 2404 531 2434 for
542 2404 599 2434 the
608 2405 751 2442 present.

111 2454 183 2484 'rho
209 2456 334 2484 euntem
365 2463 455 2484 came
489 2453 579 2491 first3
612 2454 644 2483 S.
669 2452 752 2482 Paul

110 2504 297 2536 sanctioned
310 2505 374 2535 and
385 2504 556 2544 explained
563 2505 589 2534 it
600 2504 633 2534 in
645 2514 660 2533 1
673 2503 749 2535 Cor.

110 2555 155 2587 xl.
171 2562 204 2593 5.

170 2604 186 2624 ¹
207 2607 264 2635 aut
277 2613 416 2635 causae...
433 2605 451 2634 Ι
465 2605 546 2635 have
559 2604 683 2634 altered
696 2604 753 2634 the

109 2655 335 2696 punctuation,
348 2654 454 2685 which
473 2655 501 2685 is
520 2655 645 2693 usually
660 2655 751 2685 thus:

111 2714 174 2736 non
182 2706 298 2746 potuit,
313 2708 370 2735 aut
386 2704 651 2746 eausa-jecerit.
696 2704 755 2735 Te-

813 1701 1022 1731 enarraverit.
1066 1702 1075 1718 ‘
1088 1700 1137 1731 Or
1163 1700 1211 1731 let
1243 1710 1281 1731 us
1315 1709 1457 1739 suppose

813 1751 886 1781 that
899 1751 956 1781 she
973 1751 1028 1781 did
1050 1751 1204 1781 establish
1218 1760 1238 1780 a
1250 1751 1313 1780 law
1327 1751 1379 1780 for
1397 1750 1458 1780 her

815 1810 888 1831 own
903 1810 995 1831 case:
1015 1801 1094 1832 then
1108 1801 1155 1831 let
1167 1801 1288 1840 virgins
1301 1801 1395 1830 alone
1415 1801 1457 1830 be

815 1851 931 1888 veiled,
945 1851 1009 1880 and
1029 1851 1094 1881 this
1114 1851 1189 1890 only
1203 1850 1297 1880 when
1314 1850 1390 1889 they
1403 1858 1458 1879 are

816 1901 918 1940 going
930 1900 1018 1929 forth
1033 1902 1067 1929 to
1076 1900 1246 1939 marriage,
1254 1899 1319 1928 and
1332 1902 1390 1928 not
1403 1899 1459 1929 be·

816 1951 886 1979 fore
905 1950 981 1988 they
1001 1950 1082 1979 have
1104 1952 1155 1978 set
1172 1958 1244 1988 eyes
1264 1957 1351 1987 upon
1373 1948 1459 1978 their

815 1998 1002 2030 husbands)
1046 1998 1265 2038 Coqnoverint,
1282 2008 1328 2030 sc.
1344 1999 1457 2031 oculie.

819 2050 935 2088 Comp.
952 2049 1005 2079 De
1019 2049 1114 2088 Vir-g.
1129 2049 1202 2079 Vel.
1219 2058 1247 2079 c.
1262 2058 1317 2078 11:
1336 2049 1384 2079 Et
1404 2049 1459 2079 de-

818 2103 976 2140 sponsatoe
999 2099 1124 2140 quidem
1151 2099 1264 2129 habent
1287 2099 1460 2138 exemplum

819 2151 973 2187 Rebeccae,
990 2160 1056 2189 quoe
1072 2159 1140 2180 cum
1154 2150 1200 2179 ad
1211 2159 1355 2189 sponsum
1368 2151 1460 2190 iqno-

818 2203 883 2231 tum
897 2200 1002 2230 adhuc
1012 2200 1120 2239 iqnota
1124 2199 1359 2238 perduceretur,
1367 2199 1463 2230 simul

819 2251 921 2290 ipsum
942 2250 1087 2290 coqnovit
1111 2259 1186 2287 esse,
1211 2259 1301 2290 quem
1328 2250 1366 2280 de
1393 2250 1462 2280 lon-

819 2302 936 2341 qinquo
966 2303 1187 2340 prospexerat,
1220 2310 1282 2330 non
1313 2301 1463 2332 sustinuit

820 2351 952 2382 dea-terte
963 2351 1212 2381 colluctationem
1219 2359 1274 2380 nec
1282 2350 1382 2380 osculi
1390 2359 1461 2381 con-

819 2401 1008 2442 qressionem
1028 2410 1084 2431 nec
1102 2401 1306 2438 calutationis
1326 2410 1460 2430 commu-

820 2452 1018 2490 nicationem,
1031 2451 1088 2481 sed
1106 2450 1249 2490 confessa
1262 2450 1348 2490 quod
1360 2459 1462 2480 sense-

820 2506 883 2540 rat,
910 2502 948 2532 id
970 2505 1015 2532 est
1039 2502 1157 2541 spiritu
1175 2504 1315 2540 nuptam,
1336 2501 1463 2541 neqavit

819 2552 972 2592 virqinem
984 2552 1090 2582 velata
1102 2551 1226 2582 ibidem.

881 2603 895 2620 ³
915 2603 948 2632 in
962 2602 1034 2641 ipsa
1048 2611 1206 2641 quoque...
1224 2601 1317 2631 ‘look
1336 2601 1371 2631 in
1388 2601 1462 2632 vain

820 2654 872 2683 for
884 2662 904 2682 a
917 2652 980 2682 law
993 2653 1026 2681 in
1048 2652 1104 2682 the
1124 2661 1196 2682 case
1209 2652 1247 2681 of
1258 2652 1412 2689 Susanna,
1426 2660 1464 2682 or

819 2703 854 2734 in
864 2703 937 2735 that
951 2703 987 2733 of
997 2711 1059 2743 any
1070 2701 1272 2733 individual.'

1205 2748 1326 2789 6-2
