1812 2956
462 176 548 214 DE
587 174 830 214 CORONA
869 173 1126 212 MILITIs'.

1390 167 1475 210 135

122 310 299 357 metis
330 310 498 355 fecisse
533 313 584 354 et
619 309 728 354 Deo
758 308 1057 359 ministrasse,
1089 306 1284 351 audiens
1306 304 1474 349 David.
1494 312 1699 346 CAP.V111.

125 387 312 434 Primus
337 387 544 432 medelas
571 387 863 444 AEsculapius
891 384 1230 442 exploraverit:
1265 382 1478 427 meminit

125 470 177 512 et
221 467 398 518 Esaias,
445 466 661 510 Ezechiae
706 464 949 522 languenti
987 462 1163 519 aliquid
1201 459 1477 524 medicinale
1493 473 1587 504 ηας.
1601 479 1645 497 xx.
1658 473 1681 499 τ.

456 543 556 588 Scit
585 548 635 587 et
665 542 839 586 Paulus
867 540 1109 586 stomacho
1144 540 1302 584 vinum
1331 538 1478 582 modi-
1494 549 1675 576 inm.v.23.

573 620 668 664 Sed
699 623 750 664 et
779 619 993 663 Minerva
1029 618 1179 675 prima
1214 616 1378 661 molita
1417 615 1479 659 sit

125 544 384 589 mandasse.

127 635 236 668 cum
265 621 503 679 prodesse.

126 713 319 743 navem:
363 698 535 743 videbo
580 697 880 754 navigantem
916 696 948 740 J
950 710 1088 740 onam
1132 698 1183 739 et
1227 693 1478 751 apostolos.

126 775 241 820 Plus
265 779 354 828 est,
373 776 501 832 quod
516 778 566 819 et
586 774 798 818 Christus
815 773 1092 824 vestietur⁶;
1121 771 1316 816 habebit
1334 771 1479 815 etiam

125 853 359 911 poenulam
381 852 569 897 Paulus.

639 851 689 896 Si
713 855 763 895 et
786 851 1148 907 uniuscujusque
1177 847 1478 905 supellectilis
1494 866 1633 893 2r1m.1v.
1643 866 1682 891 13.

127 935 179 976 et
201 930 490 988 singulorum
513 944 729 974 vasorum
759 929 963 984 aliquem
986 942 1047 972 ex
1071 927 1160 971 diis
1183 926 1342 970 saeculi
1372 940 1479 969 auc-

125 1012 280 1054 torem
301 1008 567 1059 nominaris,
601 1021 854 1064 agnoscam
885 1020 1077 1050 necesse
1113 1008 1186 1049 est
1216 1008 1266 1048 et
1300 1018 1480 1048 recum-

125 1086 319 1133 bentem
347 1085 398 1129 in
430 1085 606 1130 lectulo
632 1084 883 1135 Christum,
914 1087 965 1128 et
995 1099 1103 1128 cum
1132 1082 1316 1140 pelvem
1342 1081 1477 1125 disci-
1494 1098 1624 1157 5332&
1638 1099 1696 1155 ἓξ

126 1163 343 1222 pulorum
381 1163 580 1220 pedibus
614 1163 766 1213 offert,
799 1166 850 1206 et
891 1176 998 1206 cum
1032 1175 1202 1217 aquam
1237 1174 1299 1203 ex
1334 1173 1478 1202 urceo

126 1241 315 1299 ingerit,
360 1244 411 1286 et
457 1255 564 1285 cum
614 1240 762 1283 linteo
809 1238 1246 1295 circumstringitur,
1292 1236 1481 1293 propria

131 1318 330 1364 Osiridis
361 1321 492 1362 veste
499 1316 529 1360 ⁷.

599 1316 884 1373 Hujusmodi
918 1315 1167 1372 quaestioni
1201 1315 1268 1359 sic
1305 1314 1479 1370 ubique

128 1396 405 1454 respondeo,
441 1395 695 1439 admittens
732 1394 923 1450 quidem
968 1392 1239 1437 utensilium
1277 1406 1482 1436 commu·

128 1475 332 1526 nionem,
359 1473 444 1518 sed
465 1486 722 1530 provocans
746 1486 851 1516 eam
873 1471 936 1515 ad
955 1470 1252 1517 rationalium
1287 1473 1337 1514 et
1370 1469 1482 1512 irra-

128 1552 373 1598 tionalium
408 1550 772 1604 distinctionem,
809 1550 919 1605 quia
952 1549 1219 1606 passivitasss
1244 1547 1367 1593 fallit
1401 1547 1482 1592 ob-

130 1679 170 1704 11.
191 1678 240 1713 37,
254 1671 319 1702 and
329 1679 370 1702 ιι.
381 1671 430 1703 81.
459 1668 769 1706 Lucanfflharmx.

130 1730 207 1763 157:
235 1721 284 1753 Et
308 1724 421 1753 tectum
447 1720 513 1751 lino
539 1728 695 1760 epar-qam
709 1729 773 1758 per

129 1773 243 1813 vulqus
250 1772 370 1803 Osirin.
385 1770 486 1811 Apul.
494 1770 596 1810 Apol.
607 1780 634 1800 c.
644 1773 696 1808 56:
709 1769 775 1800 Sed

131 1823 213 1854 enim
219 1821 425 1853 mundissima
434 1821 495 1851 lini
509 1829 605 1860 seqes,
619 1820 702 1850 inter
715 1829 773 1858 op-

131 1873 228 1904 timae
235 1872 356 1912 Μαι
368 1874 458 1902 terra
470 1873 594 1907 exorta,
606 1879 668 1899 non
681 1869 773 1899 modo

131 1921 259 1953 indutui
279 1924 310 1952 et
326 1920 458 1952 amictui
472 1919 700 1959 AEqyptiorum
719 1927 774 1948 sa-

130 1971 320 2010 cer-domus,
338 1970 396 2002 sed
412 1969 537 2010 opertui
549 1978 671 2009 quoque
683 1968 776 1999 rebus

131 2023 237 2056 saeris
248 2025 435 2062 usurpatur.
473 2020 628 2051 Plutarch
641 2020 682 2050 de
695 2019 777 2051 Isid-

133 2078 168 2106 et
192 2074 313 2106 Osirid.
333 2073 425 2113 gives
437 2072 495 2102 the
512 2080 599 2101 same
612 2079 727 2101 reason
739 2079 775 2099 as

132 2125 306 2166 Apuleius.
336 2122 527 2160 Creuzer‚in
538 2121 662 2152 Herod.
675 2129 714 2151 11.
728 2123 777 2158 81,

133 2179 251 2216 quotes
272 2174 460 2214 Hieronym.
482 2172 516 2203 in
541 2172 648 2203 Catal.
673 2171 776 2210 Scrip.

133 2227 182 2260 Η.
195 2226 320 2257 Euclea.
335 2234 372 2265 p.
386 2233 495 2264 170.r.
517 2223 626 2253 where
644 2223 686 2253 he
705 2231 776 2262 says

133 2277 173 2308 of
192 2277 304 2308 Jnmes
328 2276 387 2307 the
419 2274 556 2315 apostle,
581 2273 652 2304 ἔθος
678 2273 711 2303 δὲ
735 2272 775 2310 ἦν

135 2327 229 2367 αὐτῷ
256 2326 424 2358 εἰσελθεῖν
448 2326 494 2356 εἰς
520 2325 567 2355 ‘ra'
593 2323 679 2364 ἅγια
705 2324 776 2353 τῶν

132 2377 244 2418 ἁγίων
255 2376 375 2413 ἐσθῆτι
388 2375 495 2416 ἐρεΐνῃ
509 2374 554 2415 μή
568 2373 774 2414 κεχρημένῳ,

133 2427 228 2460 ἀλλά
240 2427 328 2466 λινῇ.
361 2427 448 2457 Thai
459 2426 524 2457 this
538 2435 604 2455 was
616 2434 637 2454 a
649 2424 775 2455 Jewish

134 2478 209 2516 law,
220 2477 385 2508 seeExod.
400 2476 507 2507 xxviii.
524 2486 573 2516 39,
585 2476 662 2506 Lev.
672 2475 714 2506 vi.
728 2485 775 2512 10,

135 2528 253 2560 Ezeeh.
267 2527 348 2558 xliV.
364 2535 413 2567 17.
435 2527 500 2557 For
512 2527 568 2557 the
577 2536 634 2556 nse
643 2526 679 2556 of
686 2526 774 2556 linen

134 2579 169 2610 in
178 2579 301 2619 Egypt,
314 2587 367 2609 see
383 2578 466 2608 Gen.
478 2577 539 2607 xli.
553 2586 602 2614 42,
612 2577 709 2608 Prov.
722 2576 776 2609 vii.

135 2633 183 2661 16.

196 2678 211 2699 ⁸
224 2679 413 2720 passivitas,
442 2678 659 2719 ‘vaguene58,’
679 2679 776 2720 ‘pro-

836 1666 1096 1707 miscuousness,'
1115 1667 1171 1698 the
1185 1675 1364 1707 vagueness
1376 1665 1482 1696 which

836 1719 939 1750 mixes
968 1719 1080 1759 things
1106 1719 1260 1758 together
1286 1721 1322 1748 at
1346 1717 1483 1747 random

837 1770 977 1800 without
990 1770 1107 1809 regard
1120 1772 1155 1800 to
1169 1769 1264 1799 order
1271 1768 1336 1799 and
1350 1767 1483 1797 distinc-

837 1820 919 1850 tion.
961 1820 1065 1850 There
1079 1829 1134 1850 are
1154 1822 1221 1849 two
1243 1818 1305 1857 adj.
1322 1818 1358 1848 of
1374 1817 1484 1847 differ-

839 1873 896 1901 ent
913 1870 1018 1910 origin
1031 1870 1095 1914 and
1116 1869 1276 1909 meaning,
1299 1878 1314 1898 1
1331 1867 1484 1907 passim

838 1921 922 1950 from
931 1921 1056 1959 patior.
1096 1919 1223 1949 Arnob.
1238 1927 1278 1949 11.
1291 1927 1322 1957 p.
1339 1920 1358 1947 6
1357 1926 1395 1957 5:
1410 1918 1483 1947 ani-

839 1980 909 2001 mas
915 1971 1068 2010 passivas
1081 1979 1146 2000 esse
1159 1972 1188 1999 et
1200 1969 1383 1999 interibiles.
1414 1968 1482 1998 He-

840 2021 922 2052 rald.
943 2023 1058 2060 quotes
1078 2019 1226 2050 Lat-tant.
1250 2019 1331 2050 D.1.
1353 2018 1405 2048 vii.
1427 2028 1482 2050 20:

835 2071 987 2111 patibilis
1007 2071 1108 2110 iqitur
1130 2079 1191 2100 non
1218 2072 1272 2107 est,
1294 2078 1339 2100 sc.
1363 2069 1483 2100 anima.

841 2132 859 2154 2
868 2121 1020 2161 passivus
1038 2121 1121 2150 from
1136 2120 1258 2159 pando.
1294 2119 1350 2149 Du
1372 2119 1484 2158 Gange

841 2175 958 2211 quotes
977 2171 1105 2202 Salvian
1126 2171 1179 2201 De
1201 2171 1287 2201 Gub.
1310 2170 1384 2207 Dei,
1404 2178 1485 2200 vua

844 2222 926 2262 Quis
939 2221 1080 2261 conjuqis
1084 2221 1185 2261 fidem
1198 2220 1367 2251 reddidit?
1385 2220 1485 2250 Immo

841 2275 992 2313 quantum
1019 2272 1065 2302 ad
1091 2272 1314 2311 passivitatem
1341 2269 1486 2301 libidinis

835 2323 985 2363 pertinet,
1007 2322 1080 2362 quis
1100 2331 1162 2351 non
1185 2321 1343 2360 com'uyem
1366 2321 1402 2350 in
1426 2329 1485 2350 nu-

841 2382 960 2404 merum
985 2373 1179 2403 ancillarum
1204 2370 1352 2411 redeqit?
1403 2370 1486 2401 Also

841 2424 960 2455 Ezech.
974 2433 1003 2454 c.
1010 2423 1073 2453 xvi.
1076 2422 1213 2462 passiva
1224 2421 1323 2452 libido
1331 2421 1383 2451 for
1391 2430 1487 2460 naqa,

837 2475 1036 2515 promiscua.
1063 2473 1165 2513 Apul.
1185 2473 1264 2503 Met.
1286 2480 1338 2502 xx.
1359 2481 1394 2510 3:
1420 2470 1487 2502 Ca-

835 2527 915 2566 pilli
929 2526 1062 2565 passive
1075 2524 1221 2564 dispersi.
1254 2522 1333 2553 And
1348 2522 1381 2552 S.
1395 2522 1485 2561 Aug,

842 2577 915 2607 adv.
936 2576 1124 2606 Adeimant.
1149 2583 1179 2605 c.
1206 2583 1260 2611 24:
1289 2572 1327 2603 Si
1340 2573 1399 2603 hoc
1416 2572 1487 2602 ideo

843 2627 961 2658 dictum
975 2629 1030 2663 est,
1043 2628 1078 2656 ut
1097 2634 1160 2655 non
1178 2627 1320 2654 servetur
1332 2623 1434 2663 panis
1453 2623 1488 2652 in

843 2677 1028 2714 crastinum,
1053 2676 1157 2717 maqis
1178 2676 1236 2707 hoc
1262 2675 1391 2715 implent
1411 2675 1489 2715 vaqi
