1812 2956
475 158 563 195 DE
602 158 1039 197 SPEGTAOULIS.

1378 155 1433 196 45

89 289 182 347 qui,
211 303 296 347 per
319 289 447 345 quod
480 290 762 347 agnoscitur,
787 291 925 336 tollit.
981 290 1108 343 Quid
1139 294 1299 334 autem
1335 291 1434 347 spei
1455 303 1494 335 c.
1516 302 1648 333 xxw.

87 372 300 424 superest
328 366 376 411 in
410 367 674 424 hujusmodi
709 368 897 412 homine
911 368 936 411 P

1008 368 1164 412 Nemo
1198 369 1247 411 in
1282 372 1436 412 castra

86 441 292 488 hostium
327 444 508 494 transit,
541 444 629 487 nisi
659 445 880 501 projectis
917 445 1056 488 armis
1085 445 1192 496 suis,
1228 445 1316 489 nisi
1356 446 1436 489 de-

89 520 268 565 stitutis
315 521 458 578 signis
505 525 556 565 et
599 522 900 566 sacramentis
945 522 1165 578 principis
1220 522 1303 574 sui,
1347 523 1436 566 nisi

88 602 254 656 pactus
291 599 427 643 simul
461 600 628 656 perire.

189 678 268 722 An
291 677 368 722 ille
403 679 685 736 recogitabit
709 693 766 723 eo
790 682 1003 736 tempore
1028 680 1087 723 de
1111 680 1232 730 Deo,
1257 679 1436 735 positus
1470 691 1508 722 c.
1524 691 1638 722 xxv.

89 755 182 800 illic
205 755 286 799 ubi
309 755 422 798 nihil
446 759 519 800 est
542 756 602 799 de
625 757 732 800 Deo
747 757 771 800 P
831 757 1018 808 Pacem,
1044 757 1220 813 opinor,
1245 756 1437 799 habebit
1455 775 1659 802 theseshowsie

88 835 137 878 in
160 834 315 878 animo
339 834 626 878 contendens
650 850 735 891 pro
759 835 933 891 auriga,
954 835 1229 891 pudicitiam
1255 834 1435 878 ediscet

90 912 319 956 attonitus
364 912 413 955 in
459 913 637 956 mimos.

722 913 871 956 Immo
908 913 957 956 in
995 913 1120 956 omni
1167 912 1435 968 spectaculo
1454 901 1494 925 ²³⁸

89 990 267 1034 nullum
300 990 448 1047 magis
477 990 745 1034 scandalum
784 995 1013 1042 occurret,
1048 1006 1188 1047 quem
1225 991 1325 1048 ipse
1359 991 1436 1035 ille

89 1068 335 1112 mulierum
369 1071 420 1113 et
442 1069 645 1113 virorum
675 1070 936 1114 accuratior
960 1070 1126 1114 cultus.

1197 1071 1305 1127 Ipsa
1329 1084 1437 1114 con-

90 1146 256 1198 sensio,
271 1147 372 1203 ipsa
393 1146 442 1189 in
464 1146 720 1191 favoribus1
746 1151 827 1191 aut
852 1148 1134 1205 conspiratio
1158 1151 1241 1191 aut
1265 1147 1439 1191 dissen-

91 1224 160 1268 sio
183 1224 306 1268 inter
330 1239 380 1268 se
408 1224 468 1268 de
497 1225 778 1269 commercio
807 1225 1028 1269 scintillas
1050 1225 1295 1268 libidinum
1331 1239 1438 1268 con-

90 1300 337 1345 flabellant.

420 1301 575 1345 Nemo
614 1301 815 1358 denique
852 1302 900 1345 in
938 1301 1205 1358 spectaculo
1233 1302 1438 1345 ineundo

91 1378 219 1434 prius
256 1378 448 1435 cogitat,
477 1378 565 1422 nisi
602 1379 750 1422 videri
778 1382 827 1423 et
856 1379 1030 1433 videre.
1096 1379 1190 1423 Sed
1226 1379 1438 1436 tragoedo

91 1455 377 1500 vociferante
402 1455 764 1500 exclamationes
787 1456 864 1500 ille
889 1456 1082 1513 alicujus
1105 1447 1346 1513 prophetae
1370 1472 1441 1501 re-

91 1534 315 1579 tractabit
334 1534 358 1578 P

427 1539 477 1579 et
522 1535 645 1579 inter
691 1536 946 1579 effeminati
991 1535 1228 1580 histrionis
1274 1537 1441 1581 modos

92 1612 319 1669 psahnum
355 1627 514 1657 secum
551 1613 926 1657 comminiscetur
941 1613 965 1656 P
1020 1618 1069 1657 et
1107 1629 1213 1658 cum
1250 1614 1440 1658 athletae

92 1693 249 1748 agent,
274 1689 351 1734 ille
386 1690 596 1735 dicturus
632 1694 704 1734 est
738 1691 1150 1747 repercutiendum
1179 1707 1274 1736 non
1299 1708 1400 1737 esse
1416 1693 1440 1737 P
1457 1707 1534 1734 Man.
1549 1714 1572 1733 v.
1586 1708 1623 1734 39.

93 1769 269 1824 poterit
292 1771 341 1812 et
361 1768 422 1812 de
445 1769 764 1813 misericordia
786 1770 962 1812 moveri
986 1769 1166 1828 defixus
1190 1770 1237 1813 in
1260 1786 1441 1814 morsus

93 1859 307 1890 ursorum
331 1850 382 1890 et
405 1838 646 1903 spongias2
668 1847 963 1890 retiariorum
977 1847 1001 1890 P
1039 1848 1239 1892 Avertat
1256 1849 1388 1892 Deus
1412 1864 1442 1892 a

96 1964 278 2005 ‘baptism'
318 1966 368 1997 La
390 1966 497 1997 Cei-da
519 1967 619 1997 refers
642 1969 677 1996 to
703 1967 734 1997 S.

95 2015 184 2055 Aug.
202 2015 254 2046 De
271 2015 514 2047 Catechizandis
532 2017 691 2053 Rudibns,
706 2026 734 2047 c.

97 2068 146 2103 26,
158 2066 266 2096 where
285 2066 341 2096 the
359 2069 440 2097 term
455 2067 623 2106 siquae-ula
636 2067 663 2096 is
677 2076 736 2106 ap-

95 2115 183 2156 plied
204 2119 239 2147 to
263 2117 358 2147 other
378 2120 582 2147 sacramente.
620 2116 737 2157 Compz

95 2165 148 2198 De
163 2167 281 2198 1dol.c.
294 2177 341 2205 12,
344 2167 444 2207 fidem
455 2168 662 2208 obeiqnatam.
685 2168 737 2198 De

98 2216 174 2248 Cor.
185 2226 214 2248 c.
226 2227 254 2257 3,
262 2217 405 2257 frontem
420 2218 584 2258 siqnaculo
598 2219 736 2248 terimus.

96 2266 150 2299 De
172 2268 257 2299 Idol.
283 2277 313 2300 c.
336 2279 382 2307 19,
402 2269 492 2308 siquo
513 2268 644 2300 Christi.
686 2269 737 2299 De

99 2317 176 2348 Cor.
197 2327 225 2349 ο.
243 2328 291 2357 11,
311 2318 360 2349 Et
380 2320 503 2359 siqnum
517 2319 695 2359 postulavit
716 2329 738 2349 a

91 2367 242 2408 principe
253 2369 310 2408 qut·
317 2368 391 2406 jam
404 2378 426 2399 α
440 2368 510 2398 Deo
525 2369 646 2408 accepit
655 2368 671 2399 .⁹

157 2417 173 2437 ⁸
192 2418 265 2449 hinc
278 2419 328 2449 vel
339 2419 486 2450 maxime.
517 2419 618 2458 Apol.
633 2428 661 2450 c.
677 2428 735 2456 42:

100 2468 296 2508 Spectaculis
308 2478 370 2498 non
383 2469 588 2500 convenimus.
613 2470 735 2500 Minue.

98 2518 168 2550 Fel.
180 2529 208 2550 c.
220 2529 276 2551 12:
298 2518 357 2550 Vos
369 2528 442 2549 vero
456 2519 598 2558 suspensi
612 2520 737 2550 interim

98 2573 194 2610 atque
219 2569 338 2600 eoliciti
359 2570 495 2600 honestis
524 2570 737 2609 voluptatibus

97 2620 270 2651 abstinetis.
282 2619 357 2650 Non
364 2620 544 2660 spectacula
553 2621 666 2655 visitis.
676 2631 738 2652 non

93 2671 221 2712 pompis
241 2670 408 2702 interestis.
441 2671 570 2702 Bunsen
585 2671 736 2711 (Iiippol.

799 1965 875 1996 Vol.
884 1966 1019 2005 111.p.8)
1032 1968 1147 2005 quotes
1160 1966 1243 1996 from
1255 1966 1364 1997 Greek
1377 1966 1442 1996 and

803 2015 919 2055 Coptic
934 2025 1052 2046 canons
1074 2026 1116 2046 on
1135 2017 1227 2046 those
1240 2016 1313 2046 who
1332 2025 1386 2046 are
1405 2019 1441 2046 to

802 2067 842 2096 be
855 2066 1011 2096 admitted
1023 2069 1057 2096 to
1067 2066 1223 2105 baptism:
1243 2067 1252 2082 ‘
1261 2066 1295 2096 If
1305 2075 1366 2105 any
1380 2075 1441 2097 one

802 2116 969 2147 followeth
984 2116 1040 2146 the
1053 2120 1160 2156 sports
1175 2117 1211 2146 of
1227 2117 1284 2147 the
1304 2117 1441 2154 theatre,

802 2167 887 2197 their
912 2167 1079 2206 huntings,
1106 2176 1143 2197 or
1169 2167 1379 2203 horse-races‚
1404 2176 1442 2196 or

804 2218 957 2255 combats,
973 2218 1020 2248 let
1036 2218 1099 2247 him
1123 2218 1212 2247 leave
1230 2218 1318 2246 them
1336 2217 1391 2254 off,
1405 2226 1442 2247 or

803 2268 850 2298 let
863 2268 927 2297 him
943 2268 983 2298 be
997 2267 1162 2307 rejected.’
1193 2267 1308 2306 Comp.
1320 2267 1442 2306 Bingh.

806 2317 883 2348 Chr.
900 2319 980 2348 Ant.
995 2326 1045 2349 xt.
1062 2326 1090 2356 5,
1104 2320 1194 2356 6-8.

866 2368 926 2398 Ch.
954 2368 1068 2398 XXV.
1111 2367 1120 2385 ¹
1143 2368 1177 2397 in
1194 2367 1380 2407 favoribus,
1405 2367 1439 2397 in

804 2420 860 2450 the
882 2419 1030 2458 espousal
1052 2419 1088 2448 of
1107 2428 1168 2449 one
1186 2428 1223 2448 or
1240 2419 1334 2449 other
1347 2422 1441 2459 party

804 2470 837 2499 in
860 2470 915 2499 the
936 2472 1088 2499 contests.
1131 2468 1228 2499 Ovid.
1244 2470 1308 2499 Ars
1330 2470 1438 2500 Amat.

805 2529 828 2550 1.
846 2529 925 2558 145:
956 2520 1055 2557 Cujus
1077 2520 1150 2559 equi
1170 2520 1306 2556 veniant,
1319 2519 1440 2558 facito,

803 2570 950 2607 studiose,
961 2570 1108 2609 requiras
1116 2580 1130 2606 ;
1145 2569 1214 2600 Nec
1224 2579 1313 2600 mora
1325 2579 1336 2599 .·
1354 2569 1443 2609 quis·

804 2622 877 2662 quis
890 2621 951 2651 erit
965 2620 1017 2651 cui
1020 2620 1115 2660 favet
1129 2620 1200 2658 illa,
1203 2620 1296 2660 save.

864 2672 878 2691 ²
898 2671 1058 2711 sponqias.
1100 2671 1248 2712 Sponges
1262 2680 1347 2703 were
1364 2672 1443 2703 used

1456 747 1587 772 Prescnce
1597 747 1627 771 at

1453 807 1648 838 incompatihle

1453 838 1517 863 with
1530 844 1628 869 prayer

1453 868 1606 924 αηιέίοῐ-ῗεᾱί-
