1812 2956
169 352 207 385 C.
222 352 318 384 XVI.

145 435 222 460 Matt.
234 442 257 459 v.
271 436 308 460 44.

146 466 225 492 Rom.
238 466 280 491 xii.
293 466 331 491 14.

166 962 204 994 C.
220 962 336 994 XVII.

143 1017 201 1043 The
211 1017 330 1049 prohibi-

144 1047 202 1072 tion
213 1048 242 1072 of
250 1048 287 1072 im
307 1055 339 1072 u-

143 1078 299 1138 {33132‘3332-
306 1078 340 1103 Μ

143 1138 194 1163 ties
205 1139 235 1163 of
242 1138 289 1164 the

144 1168 258 1194 theatre.

145 1198 225 1224 Rom.
239 1198 291 1224 xiii.
307 1198 345 1224 13.

363 207 418 248 34
721 210 1129 248 TERTULLIANI
1160 211 1338 246 LIBER

365 355 503 384 causa
526 355 680 384 amare
703 341 855 391 liceat,
882 354 1019 395 quam
1043 340 1139 383 sine
1164 354 1301 383 causa
1335 327 1498 383 odisse.
1566 340 1698 384 Deus

364 421 492 461 certe
512 418 654 460 etiam
677 431 783 461 cum
807 431 945 460 causa
966 416 1182 473 prohibet
1205 417 1369 468 odisse,
1389 417 1467 471 qui
1489 417 1698 461 inimicos

364 493 494 549 diligi
508 493 659 549 jubet.
709 493 840 536 Deus
865 493 1007 536 etiam
1025 507 1130 536 cum
1152 507 1289 536 causa
1311 493 1586 536 maledicere
1604 507 1698 537 non

365 571 485 621 sinit,
502 571 581 625 qui
601 570 931 614 maledicentes
954 570 1168 613 benedici
1190 569 1413 626 praecipit.
1453 569 1546 613 Sed
1561 569 1697 614 Circo

364 648 477 703 quid
494 648 704 698 amarius,
723 647 803 690 ubi
817 662 876 690 ne
891 646 1171 703 principibus
1187 646 1395 701 quidem⁹
1418 650 1501 689 aut
1524 646 1698 691 civibus

364 724 457 768 suis
494 725 726 780 parcunt?
785 725 834 768 Si
858 724 970 779 quid
991 724 1169 775 horum,
1199 724 1364 779 quibus
1389 724 1549 768 Circus
1570 724 1697 775 furit,

363 801 533 844 alicubi
567 801 771 857 competi
805 802 988 852 sanctis,
1019 801 1160 844 etiam
1187 802 1236 844 in
1265 801 1401 845 Circo
1436 801 1622 852 licebit;
1661 801 1700 844 si

362 892 473 921 vero
496 893 733 933 nusquam,
757 878 865 921 ideo
888 892 975 921 nec
1002 878 1050 920 in
1076 877 1225 922 Circo·

466 954 685 998 Similiter
727 954 1063 1010 impudicitiam
1108 969 1292 998 omnem
1334 954 1535 998 amoliri¹
1563 955 1698 1012 Jube-

362 1045 477 1074 mur.
530 1030 635 1075 Hoc
658 1031 801 1087 igitur
823 1031 964 1074 modo
993 1031 1133 1074 etiam
1156 1046 1184 1073 a
1206 1031 1391 1075 theatro
1419 1046 1696 1089 separamur,

365 1107 490 1162 quod
527 1111 599 1150 est
643 1108 872 1163 privatum
910 1107 1233 1151 consistorium
1267 1107 1580 1164 impudicitiae,
1618 1109 1700 1153 ubi

363 1183 476 1226 nihil
499 1185 733 1240 probatur,
760 1199 897 1240 quam
921 1185 1047 1240 quod
1069 1184 1178 1227 alibi
1199 1200 1293 1228 non
1320 1186 1555 1242 probatur.
1623 1187 1700 1231 Ita

363 1274 542 1303 summa
570 1261 722 1317 gratia
754 1261 852 1317 ejus
887 1261 946 1304 de
982 1261 1202 1317 spurcitia
1235 1262 1480 1318 plurimum
1517 1263 1700 1307 concin-

362 1340 472 1379 nata
496 1340 579 1387 est,
596 1352 733 1392 quam
750 1337 992 1381 Atellanus
1015 1337 1330 1394 gesticulator,
1351 1353 1488 1394 quam
1510 1340 1699 1384 mimus'

363 1414 504 1457 etiam
527 1428 610 1470 per
633 1414 848 1458 mulieres
871 1418 1186 1471 repraesentat,
1212 1430 1375 1459 sexum
1397 1416 1586 1472 pudoris
1620 1430 1698 1460 ex-

365 1520 494 1559 Gangn.
509 1520 559 1550 An
564 1520 724 1559 forsitan.
747 1520 819 1550 Gel.
833 1521 896 1550 and
907 1521 997 1551 Pam.

361 1570 410 1600 Et
414 1570 568 1609 forsitan,
605 1569 681 1609 Rig.
696 1570 747 1600 An
759 1570 837 1609 fors
858 1571 909 1608 sit,
923 1574 998 1601 tam.

366 1620 470 1658 Quam
493 1620 520 1649 is
543 1620 622 1649 used
646 1620 724 1649 with
747 1620 802 1650 the
829 1621 939 1659 ellipse
966 1621 1003 1650 of

362 1669 465 1708 mayz‘s
474 1678 510 1698 or
521 1669 637 1708 potius.
659 1669 735 1699 Tae.
750 1670 870 1699 Annal.
887 1679 933 1700 ιν.
947 1673 1000 1699 61:

361 1719 461 1749 claris
469 1719 648 1756 majoribus,
656 1728 750 1758 quam
762 1720 898 1750 vetustis.
920 1719 998 1749 Tae.

364 1768 515 1798 German.
531 1778 558 1798 0.
575 1771 614 1798 6:
636 1768 760 1798 consilii
779 1778 868 1807 quem
877 1769 998 1807 jormi-

363 1818 447 1848 dinis
474 1818 682 1848 arbitrantur.
731 1818 831 1857 Apul.
854 1819 999 1858 Apolog.

362 1877 389 1898 c.
407 1870 462 1900 28:
482 1867 583 1907 quue
602 1878 624 1898 a
642 1877 688 1897 me
707 1871 879 1906 susceptum
901 1868 999 1908 officii

359 1917 470 1957 qratia
502 1927 596 1957 quam
629 1917 712 1948 lucri
741 1927 840 1947 causa
874 1917 996 1948 docebo.

363 1967 490 1997 Similar
499 1970 532 1997 to
543 1967 606 1997 this
620 1967 647 1996 is
657 1967 712 1996 the
727 1967 838 2006 ellipse
849 1967 885 1997 of
896 1967 999 2006 maqis

360 2017 444 2046 after
478 2019 606 2055 quanto.
655 2016 708 2046 Ad
738 2016 828 2046 Natt.
863 2024 903 2046 11.
939 2025 995 2046 12:

360 2071 477 2107 quanto
492 2068 611 2107 diffusa
623 2077 674 2097 res
687 2071 741 2105 est,
750 2070 836 2097 tanto
843 2067 996 2097 substrin-

359 2118 463 2156 9enda
485 2118 573 2147 nobis
601 2117 670 2147 erit.
714 2117 767 2147 On
790 2120 877 2147 tanto
902 2117 996 2154 abest,

361 2176 413 2196 see
427 2167 478 2196 De
494 2167 569 2197 Cor.
584 2176 610 2196 0.
630 2175 675 2203 14,
690 2176 723 2197 11.
739 2176 766 2195 1.
801 2166 914 2204 Comp.
929 2166 996 2195 also
1027 2206 1030 2210 y

360 2217 417 2246 the
444 2216 555 2255 ellipse
578 2216 614 2245 of
637 2216 730 2245 aliud
754 2216 863 2245 before
889 2225 996 2255 quam.

361 2265 420 2295 See
435 2266 486 2295 De
503 2265 577 2295 Cor.
593 2274 621 2295 c.
637 2274 685 2302 14,
700 2274 731 2294 n.
749 2275 776 2303 3.

419 2314 432 2333 ⁹
452 2325 489 2345 ne
496 2315 696 2354 principibus
706 2314 838 2353 quidem.
861 2315 901 2343 In
917 2314 995 2344 Cas-

361 2365 439 2395 siod.
447 2365 523 2394 Var.
536 2373 562 2395 1.
573 2373 620 2403 27,
632 2364 722 2394 there
733 2364 759 2393 is
770 2373 789 2392 a
801 2363 898 2393 letter
911 2363 994 2392 from

361 2414 544 2443 Theodoric-
567 2413 725 2451 directing
751 2412 871 2442 certain
893 2412 994 2451 patri-

359 2464 445 2493 cians
454 2464 515 2492 and
526 2464 663 2502 prefects
674 2465 731 2493 not
742 2465 776 2492 to
787 2462 890 2500 injure
892 2471 995 2500 popu-

359 2513 422 2542 lum
431 2513 539 2551 partis
548 2512 694 2542 Prasini.
729 2512 794 2542 Sed
806 2522 843 2542 ne
847 2513 993 2551 forsitan

358 2562 540 2600 maqnificos
547 2562 633 2591 viros
642 2562 818 2600 loquacitas
823 2562 994 2600 popularis

358 2611 529 2649 offenderit,
544 2611 800 2649 praesumptionis
820 2611 912 2648 hujus
933 2611 992 2640 ha-

356 2660 456 2689 benda
479 2660 649 2698 descriptio
671 2664 726 2691 est.
772 2660 926 2690 Teneatur
947 2660 994 2690 ad

355 2709 489 2747 culpam,
503 2709 645 2748 quisquis
659 2710 833 2739 transeunti
850 2719 990 2740 reveren-

1065 1520 1184 1562 tissimo
1203 1521 1342 1552 senatori
1361 1521 1513 1559 injuriam
1532 1522 1652 1561 inflia-it
1670 1522 1700 1552 ei

1066 1571 1148 1600 male
1162 1571 1282 1610 optavit
1299 1580 1367 1601 cum
1386 1571 1459 1601 bene
1477 1571 1565 1610 loqui
1584 1571 1698 1603 debuit.

1065 1620 1176 1650 Mores
1198 1624 1300 1650 autem
1324 1630 1437 1660 qraves
1459 1621 1493 1650 in
1514 1621 1700 1659 spectaculis

1066 1670 1137 1708 quis
1149 1670 1293 1709 requivat
1303 1669 1320 1700 .⁹
1352 1670 1406 1700 Ad
1421 1669 1548 1700 Circum
1560 1670 1700 1701 nesciunt

1066 1719 1226 1749 convenire
1249 1718 1392 1750 Catones.
1446 1719 1608 1758 Quicquid
1629 1719 1698 1751 illic

1065 1769 1215 1807 qaudenti
1222 1768 1342 1807 populo
1356 1768 1485 1806 dicitur,
1500 1768 1621 1807 injuria
1637 1777 1699 1799 non

1060 1821 1206 1856 putatur.
1245 1818 1349 1848 Locus
1362 1821 1407 1849 est
1425 1819 1482 1858 qui
1494 1818 1632 1858 defendit
1644 1828 1699 1850 ea·-

1065 1876 1191 1904 cesmm,
1210 1877 1341 1906 quorum
1363 1868 1540 1907 qarrulitas
1561 1868 1592 1899 ei
1606 1869 1705 1908 patim

1064 1919 1149 1946 enter
1168 1917 1445 1956 ancipitum-ipsos
1465 1926 1585 1957 quoque
1602 1918 1697 1957 prin-

1065 1966 1149 2004 cipes
1175 1976 1290 1997 ornare
1313 1970 1517 1997 monstratur.
1555 1967 1697 2007 Respon-

1065 2015 1159 2046 deant
1172 2016 1260 2046 nobis
1277 2019 1357 2047 certe
1375 2017 1432 2056 qui
1449 2017 1565 2047 talibus
1584 2017 1699 2048 studiis

1064 2069 1259 2103 occupentur,
1298 2066 1328 2096 si
1365 2066 1554 2106 tranquillos
1589 2069 1700 2106 optant

1064 2115 1266 2145 adversarios
1284 2125 1368 2146 suos.
1411 2115 1500 2146 Certe
1520 2115 1627 2146 volunt
1646 2124 1698 2147 eos

1063 2173 1128 2194 esse
1140 2165 1281 2202 victores,
1290 2165 1346 2204 qui
1353 2165 1399 2195 ad
1410 2165 1547 2202 iniurias
1555 2165 1608 2196 hic
1614 2175 1697 2204 pro-

1062 2214 1181 2251 siliunt,
1209 2223 1277 2244 cum
1309 2224 1342 2244 ⁸0
1371 2215 1530 2253 superatis
1561 2214 1697 2254 turpiter

1063 2263 1251 2293 erubescunt.
1280 2263 1369 2293 Unde
1382 2273 1455 2303 erqo
1469 2263 1569 2294 irasci
1580 2265 1695 2303 volunt,

1062 2312 1147 2350 quod
1151 2313 1216 2341 sine
1221 2312 1315 2341 dubio
1319 2321 1352 2342 se
1357 2315 1480 2351 optasse
1488 2316 1673 2352 coquoseunae
1679 2313 1697 2345 ,Ρ

1123 2361 1184 2391 Ch.
1200 2361 1314 2392 XVII.
1337 2361 1346 2380 ¹
1368 2362 1596 2401 impudicitiam
1609 2372 1695 2393 amo-

1061 2411 1129 2441 liri.
1165 2411 1207 2440 So
1231 2411 1371 2450 Gangn„
1392 2412 1463 2442 Gel.
1488 2413 1551 2442 and
1572 2413 1694 2444 Pamel.

1063 2460 1142 2490 Cod.
1153 2460 1220 2498 Ag.
1234 2461 1297 2489 and
1311 2461 1366 2490 the
1379 2461 1502 2500 margin
1516 2461 1553 2491 of
1565 2462 1693 2502 Ganga.

1061 2509 1139 2539 have
1153 2519 1207 2539 nec
1221 2510 1448 2548 impudicitiam
1459 2520 1576 2548 amare,
1589 2511 1694 2541 which

1061 2558 1139 2598 Rig.
1160 2560 1284 2598 adopts,
1299 2560 1483 2600 explaining
1502 2570 1557 2592 nec
1579 2571 1694 2592 omnem

1060 2610 1101 2648 by
1127 2609 1255 2639 nullam.
1312 2610 1382 2639 The
1408 2611 1547 2649 position
1574 2611 1611 2640 of
1639 2620 1695 2642 nec

1058 2659 1196 2697 scarcely
1219 2659 1334 2688 admits
1359 2660 1395 2688 of
1419 2660 1492 2691 this.
1536 2660 1630 2691 Oehl.
1652 2661 1694 2701 by

1058 2708 1192 2747 conject.
1208 2708 1392 2739 amandare.
