1812 2956
129 363 168 395 C.
185 364 304 394 XXII.

120 526 198 551 Rom.
211 526 226 550 i.
240 526 277 551 32.

125 1285 163 1316 C.
178 1285 316 1316 XXIII.

124 1344 208 1370 Much
220 1343 269 1368 less

124 1375 179 1399 will
190 1374 251 1399 God
260 1380 307 1405 ap-

124 1412 206 1441 prove
217 1404 282 1429 such

125 1435 236 1495 Lffi’gft‘yy
247 1433 303 1460 πᾶ

131 1897 147 1922 2
158 1897 221 1927 neg,
235 1895 263 1922 ii.
273 1896 311 1921 11.

336 218 391 259 42
692 219 1096 257 TERTULLIANI
1133 219 1310 255 LIBER

338 352 479 395 etiam
500 365 694 406 corpora
723 364 805 392 sua
840 349 1152 398 substernunt,
1176 350 1366 404 propter
1396 360 1510 401 quos
1537 345 1585 388 in
1611 358 1668 389 ea

338 429 672 478 committunt4,
689 441 791 483 quae
805 425 1163 482 reprehendunt,
1180 439 1240 468 ex
1254 424 1417 468 eadem
1431 426 1562 480 parte
1577 436 1669 478 qua

337 506 666 562 magnificiunt,
695 505 935 561 deponunt
961 506 1011 546 et
1040 502 1324 552 deminuunt,
1359 501 1499 544 immo
1527 499 1669 543 mani-

338 585 458 627 feste
505 583 750 626 damnant⁵
786 579 1038 638 ignominia
1074 582 1124 622 et
1169 578 1332 635 capitis
1375 577 1668 627 minutione⁶,

339 664 551 704 arcentes
587 660 726 710 curia,
769 658 944 708 rostris,
982 659 1159 706 senatu,
1196 655 1366 710 equite,
1410 653 1669 707 ceterisque

338 737 588 781 honoribus
610 736 821 780 omnibus
849 733 983 778 simul
1006 736 1054 776 et
1079 731 1360 776 ornamentis
1384 728 1670 786 quibusdam.

343 816 528 867 Quanta
556 811 857 870 perversitas!
926 810 1102 854 Amant
1131 823 1246 864 quos
1277 807 1488 857 multant,
1511 805 1672 862 depre-

339 893 461 935 tiant
495 906 610 946 quos
645 891 872 946 probant;
912 891 1061 931 artem
1101 885 1409 942 magnificant,
1449 883 1673 927 artificem

340 973 518 1012 notant.
592 967 738 1019 Quale
753 965 983 1022 judicium
1010 967 1094 1014 est,
1115 967 1169 1006 ut
1193 963 1253 1006 ob
1275 977 1330 1006 ea
1360 960 1461 1017 quis
1481 960 1674 1005 offusce-

339 1049 430 1095 tur,
455 1060 538 1101 per
559 1058 663 1099 quae
686 1045 977 1099 promeretur
993 1041 1017 1083 ⁶?
1078 1040 1227 1082 Immo
1252 1041 1424 1093 quanta
1444 1034 1673 1080 confessio

341 1126 414 1165 est
436 1122 568 1164 malae
591 1121 672 1171 rei,
696 1120 824 1176 cujus
851 1121 1077 1168 auctores,
1103 1131 1209 1160 cum
1237 1112 1545 1171 acceptissimi
1568 1112 1672 1164 sint,

341 1199 439 1243 sine
463 1202 575 1241 nota
591 1212 685 1240 non
706 1199 825 1240 sunt.

448 1274 566 1318 Cum
610 1274 753 1330 igitur
789 1272 990 1315 humana
1024 1268 1288 1314 recordatio
1324 1268 1466 1312 etiam
1497 1267 1676 1311 obstre-

344 1355 484 1407 pente
529 1351 681 1407 gratia
725 1348 975 1405 voluptatis
1022 1346 1306 1390 damnandos
1356 1359 1436 1388 eos
1489 1347 1677 1388 censeat

344 1429 572 1484 ademptis
606 1427 739 1471 bonis
774 1426 1054 1482 dignitatum
1087 1425 1135 1466 in
1173 1423 1404 1478 quendam
1439 1421 1678 1478 scopulum

344 1504 654 1554 famositatis¹,
691 1507 864 1559 quanto
895 1502 1042 1558 magis
1079 1500 1232 1544 divina
1256 1499 1442 1556 justitia
1474 1499 1523 1541 in
1558 1497 1679 1554 ejus-

1207 1576 1285 1619 An
1330 1576 1436 1618 Deo
1477 1573 1680 1631 placebit

345 1658 507 1713 auriga
526 1657 602 1700 ille
630 1660 704 1699 tot
739 1656 994 1698 animarum
1016 1653 1312 1708 inquietator,
1336 1655 1412 1694 tot
1433 1651 1680 1694 furiarum²

345 1734 566 1784 minister,
597 1736 672 1776 tot
701 1733 940 1781 statuumss,
974 1734 1030 1783 *ut
1065 1729 1279 1773 sacerdos
1318 1729 1588 1771 coronatus*
1606 1726 1680 1771 vel

344 1582 472 1625 modi
517 1581 715 1623 artifices
758 1577 1118 1621 animadvertit?

347 1810 578 1854 coloratus
613 1813 666 1852 ut
694 1809 812 1859 leno,
845 1822 982 1862 quem
1006 1822 1143 1850 curru
1173 1805 1446 1862 rapiendum
1471 1803 1679 1848 diabolus

348 1887 565 1930 adversus
596 1886 807 1929 Heliam⁵
830 1884 1070 1928 exornavit
1085 1883 1109 1926 ?
1171 1882 1383 1926 Placebit
1410 1884 1459 1925 et
1486 1879 1576 1932 ille,
1602 1877 1681 1936 qui

347 2018 382 2045 to
401 2015 441 2044 be
458 2012 692 2052 unintelligible
706 2012 843 2042 without
858 2019 982 2041 corree-

347 2065 427 2096 tion.
478 2064 548 2094 The
576 2063 710 2101 reading
731 2062 768 2091 of
787 2062 842 2092 the
864 2064 934 2091 text
955 2061 983 2090 is

1050 2018 1080 2049 5,
1093 2019 1148 2048 422
1162 2012 1196 2040 ut
1209 2009 1324 2049 capitis
1336 2006 1447 2040 minor.

1112 2060 1173 2090 Ch.
1190 2059 1328 2090 XXIII.
1365 2059 1373 2078 ¹
1396 2059 1430 2089 in
1447 2058 1602 2099 quendam
1614 2067 1682 2089 eco-

348 2115 404 2144 the
422 2113 624 2144 emendation
647 2113 683 2142 of
702 2112 789 2150 Lips.
807 2111 846 2141 de
862 2111 981 2149 Amph.

349 2173 378 2194 c.
396 2174 426 2202 3.
469 2163 583 2200 Comp.
599 2162 675 2191 Juv.
691 2162 756 2190 Sat.
773 2169 821 2190 w,
838 2170 904 2189 110.

410 2212 425 2230 ⁴
444 2212 478 2241 in
498 2220 536 2241 ea
557 2211 756 2246 committunt,
777 2218 822 2240 sc.
842 2209 877 2238 in
897 2217 935 2239 ea
952 2217 984 2238 se

351 2262 552 2293 committunt.
594 2261 709 2298 Comp.
743 2259 854 2295 above,
881 2267 908 2288 c.
936 2267 984 2294 10,

350 2311 528 2350 dirigimus.

409 2361 423 2379 ⁵
442 2361 602 2390 damnant.
644 2359 758 2397 Comp.
781 2357 903 2388 Arnob.
919 2364 982 2386 v11.

349 2422 383 2451 p.
399 2422 455 2450 239
469 2421 476 2441 ε
496 2409 695 2449 turpissimas
707 2418 770 2443 res,
784 2416 865 2447 quas
878 2414 986 2436 censor

350 2461 474 2491 animus
499 2462 627 2498 respuat
649 2462 679 2488 et
705 2467 840 2498 quarum
865 2459 987 2486 actores

351 2511 526 2540 inhonestos
547 2518 612 2539 esse
623 2508 682 2546 jus
702 2510 836 2537 vestrum
856 2509 886 2536 et
905 2506 987 2535 inter

352 2560 462 2597 capita
475 2558 650 2597 computari
661 2556 822 2595 judicavit
839 2555 984 2595 infamia.

353 2609 384 2638 S.
399 2609 483 2646 Aug.
500 2608 539 2638 C.
553 2607 596 2636 D.
614 2615 652 2636 11.
669 2615 716 2643 14.

411 2656 425 2675 ⁶
439 2657 554 2695 capitis
567 2656 743 2686 minutione.
765 2655 844 2685 Hor.
857 2653 919 2685 od.
931 2661 984 2683 111.

1046 2109 1157 2149 pulum
1170 2108 1379 2148 famositatis,
1397 2110 1450 2139 ‘to
1463 2118 1483 2138 a
1496 2108 1683 2138 dishonour-

1051 2159 1124 2189 able
1138 2159 1219 2188 exile
1229 2158 1246 2196 3’
1265 2158 1320 2188 the
1340 2158 1501 2188 exclusion
1515 2158 1598 2188 from
1611 2157 1684 2187 civil

1051 2209 1155 2247 rights
1178 2208 1276 2246 being
1302 2207 1472 2246 compared
1495 2209 1531 2237 to
1553 2206 1682 2237 banish·
1741 2238 1745 2241 Α

1051 2260 1141 2287 ment
1160 2260 1195 2287 to
1219 2257 1325 2296 Gyara
1346 2265 1383 2286 or
1404 2256 1565 2295 Seriphus.
1606 2255 1683 2287 Juv-

1054 2308 1119 2338 Sat.
1135 2317 1168 2337 x.
1185 2315 1258 2346 170:
1285 2307 1328 2338 Ut
1344 2306 1464 2345 Gyaroe
1476 2307 1602 2337 clausus
1615 2314 1682 2337 seo-

1046 2357 1146 2396 pulis,
1155 2365 1322 2395 parvaque
1337 2355 1483 2394 Seripho-
1524 2355 1600 2386 δην.
1615 2356 1684 2386 Sat.

1052 2414 1132 2436 xm.
1148 2414 1220 2442 244:
1242 2405 1331 2434 dabit
1345 2404 1378 2434 in
1391 2405 1536 2443 laqueum
1551 2404 1684 2444 vestiqia

1052 2458 1157 2485 noster
1183 2454 1343 2493 Perfidus,
1373 2457 1403 2484 et
1427 2454 1515 2493 niqri
1541 2454 1685 2492 patietur

1053 2504 1191 2535 carceris
1204 2513 1324 2540 uncum,
1332 2505 1398 2533 Aut
1409 2503 1508 2533 marie
1516 2503 1615 2542 AEqet‘
1628 2511 1683 2533 ru-

1051 2563 1129 2593 pem,
1151 2554 1351 2592 ecopulosque
1362 2553 1546 2592 frequentes
1565 2552 1685 2583 Exuli-

1053 2603 1109 2633 bus
1123 2603 1256 2642 maqnz's.

1113 2651 1127 2670 ²
1146 2655 1191 2682 tot
1199 2651 1380 2691 finiar-um.
1423 2651 1483 2682 See
1502 2651 1611 2688 above,
1624 2659 1652 2682 c.
1666 2660 1685 2689 9
