1812 2956
342 213 396 256 52
702 215 1109 254 TERTULLIANI
1138 215 1316 254 LIBER

163 359 270 427 (ἐξὲξ
340 348 464 392 sides
509 351 830 404 persecutores
878 346 1115 390 Dominici
1161 347 1358 390 nominis
1409 346 1674 390 saevioribus

275 420 283 428 ’
342 440 479 480 quam
513 425 601 481 ipsi
633 424 828 467 flammis
865 423 1112 467 saevierunt
1151 422 1475 466 insultantibus
1510 426 1674 466 contra

343 501 626 545 Christianos
658 499 991 556 liquescentes!
1032 514 1147 555 quos
1181 504 1407 556 praeterea
1441 499 1672 556 sapientes

338 570 442 627 illos
469 583 765 640 philosophos
800 597 957 627 coram
990 582 1226 639 discipulis
1257 583 1350 626 suis
1377 597 1471 626 una
1504 582 1672 626 confla-

338 661 580 717 grantibus
604 661 943 710 erubescentes,
973 659 1137 714 quibus
1166 658 1278 701 nihil
1306 659 1367 702 ad
1389 659 1545 702 Deum
1571 672 1673 715 per-

339 738 514 781 tinere2
549 738 822 789 suadebant,
865 737 1029 792 quibus
1062 736 1237 779 animas
1273 739 1353 779 aut
1386 735 1555 778 nullas³
1590 738 1673 779 aut

339 830 432 858 non
450 816 497 856 in
516 815 709 871 pristina
727 828 922 870 corpora
939 813 1170 856 redituras
1188 812 1478 855 affirmabant
1493 811 1505 854 l
1530 811 1672 855 etiam

338 894 502 944 poetas
525 903 619 931 non
644 888 706 930 ad
727 886 1082 937 Rhadamanthi,
1102 901 1190 929 nec
1213 886 1274 928 ad
1296 885 1481 937 Minois,
1505 880 1592 929 sed'
1611 884 1673 929 ad

337 965 563 1020 inopinati
586 965 754 1007 Christi
775 964 978 1007 tribunal
999 961 1305 1019 palpitantes!
1367 962 1500 1005 Tunc
1524 961 1672 1018 magis

338 1042 534 1097 tragoedi
557 1041 789 1092 audiendi,
813 1041 960 1096 magis
990 1040 1168 1083 scilicet
1187 1039 1369 1082 vocales
1392 1039 1441 1081 in
1463 1053 1546 1082 sua
1567 1052 1671 1095 pro-

336 1119 437 1174 pria
466 1118 756 1168 calamitate3
788 1121 900 1160 tunc
930 1116 1176 1160 histriones
1205 1115 1529 1171 cognoscendi,
1553 1114 1671 1158 solu-

336 1195 480 1237 tiores
504 1194 648 1237 multo
675 1209 758 1250 per
785 1194 966 1250 ignem;
1002 1197 1114 1236 tunc
1137 1193 1416 1249 spectandus
1438 1191 1600 1248 auriga
1621 1192 1671 1235 in

335 1272 549 1314 flammea
582 1274 686 1314 rota
719 1273 846 1313 totus
880 1271 1101 1320 rubens⁴;
1133 1273 1245 1312 tunc
1272 1268 1442 1325 xystici
1465 1272 1670 1313 contem-

335 1347 493 1403 plandi
516 1362 609 1391 non
640 1347 688 1390 in
719 1347 981 1403 gymnasiis,
1014 1347 1099 1390 sed
1128 1346 1175 1388 in
1205 1346 1315 1402 igne
1340 1345 1550 1402 jaculati,
1581 1345 1671 1390 nisi

336 1425 463 1479 quod
498 1438 558 1467 ne
604 1427 716 1466 tunc
760 1423 948 1478 quidem
990 1423 1093 1467 illos
1137 1423 1274 1467 velim
1316 1425 1450 1473 visos,
1490 1426 1545 1466 ut
1590 1423 1671 1478 qui

334 1501 491 1543 malim
520 1501 580 1544 ad
613 1516 693 1544 eos
723 1502 878 1557 potius
908 1504 1209 1556 conspectum
1230 1499 1539 1543 insatiabilem
1562 1514 1670 1544 con-

333 1577 469 1628 ferre,
495 1578 574 1632 qui
597 1578 644 1619 in
668 1577 921 1620 Dominum
951 1576 1267 1620 desaevierunt.
1338 1575 1431 1618 Hie
1467 1579 1539 1618 est
1573 1575 1666 1627 ille,

113 1661 182 1686 ΡΜ·
196 1660 288 1691 ii·1›2·
334 1653 499 1704 dicam,
543 1654 664 1696 fabri
708 1657 790 1696 aut
835 1653 1146 1708 quaestuariae⁵
1187 1653 1318 1702 filius,
1364 1652 1545 1695 sabbati
1587 1652 1666 1696 de-

333 1735 547 1781 structor,
575 1730 838 1781 Samarites,
859 1733 908 1773 et
931 1729 1208 1772 daemonium
1225 1728 1411 1772 habens.
1463 1729 1556 1772 Hic
1580 1733 1665 1781 est,

112 1810 287 1867 ffssssss'ffa
333 1821 470 1861 quem
505 1822 533 1849 a
566 1807 598 1849 J
599 1807 691 1848 uda
724 1806 997 1857 redemistis,
1034 1805 1109 1849 hic
1144 1808 1216 1849 est
1249 1805 1326 1848 ille
1357 1805 1582 1849 arundine
1615 1809 1672 1852 et.

331 1883 534 1939 colaphis
595 1883 925 1935 diverberatus‚
983 1881 1287 1938 sputamentis
1344 1881 1664 1933 dedecoratus,

328 1959 437 2003 felle
479 1963 528 2003 et
565 1963 700 2003 aceto
734 1963 934 2016 potatus.
1005 1959 1097 2002 Hic
1133 1961 1217 2010 est,
1254 1973 1392 2014 quem
1427 1958 1545 2002 clam
1575 1959 1665 2003 dis-

387 2089 402 2107 2
421 2089 503 2119 nihil
518 2089 672 2119 adDeum
679 2089 847 2128 pertinere.
867 2088 960 2119 Lact.
1027 2088 1152 2118 eolours
1177 2087 1214 2118 of
1234 2088 1290 2118 the
1312 2097 1395 2119 racc.
1438 2087 1583 2119 Observa
1607 2089 1664 2120 the

327 2139 372 2169 D.
387 2139 415 2169 1.
431 2147 484 2168 111.
501 2147 553 2177 17:
574 2138 779 2177 Jrrelz‘qiosus
798 2138 890 2168 audit
910 2139 962 2176 (de
1028 2140 1127 2167 terms
1154 2138 1276 2168 vocales
1302 2137 1372 2176 (see
1402 2139 1512 2175 above,
1539 2147 1568 2170 c.
1596 2139 1662 2179 25),

327 2188 479 2227 Epicuro)
493 2188 580 2217 Deos
599 2188 681 2217 nihil
693 2197 816 2217 curare.
857 2188 962 2217 Arno-
1027 2186 1193 2216 solutiores
1211 2187 1223 2223 (
1230 2196 1256 2216 c.
1273 2186 1336 2227 10),
1356 2188 1468 2217 rubeae
1489 2188 1531 2226 (ο.
1546 2188 1606 2227 23).

326 2238 408 2274 bius,
416 2238 488 2267 who
502 2238 528 2267 is
541 2237 574 2267 in
585 2247 678 2276 many
687 2238 793 2276 points
803 2238 961 2274 unsound,
1087 2236 1101 2254 ⁵
1111 2237 1209 2275 fabri
1222 2241 1279 2267 aut
1291 2238 1502 2276 quaestuarioe,
1517 2239 1663 2278 alluding

326 2289 353 2317 is
375 2287 555 2326 constantly
568 2287 734 2324 reem-ring
755 2289 790 2315 to
807 2287 961 2327 thiSUhea-
1027 2287 1063 2315 to
1081 2285 1137 2315 the
1155 2285 1177 2315 J
1179 2286 1276 2315 ewish
1296 2286 1482 2326 blasphemy
1494 2296 1529 2317 as
1548 2291 1583 2318 to
1603 2297 1662 2320 our

326 2337 404 2366 then
429 2336 550 2366 notion.
594 2335 780 2365 Lactantius
801 2344 902 2364 seems
924 2338 960 2365 to
1027 2334 1138 2365 Lord's
1149 2335 1244 2365 birth.
1269 2336 1300 2365 S.
1317 2336 1447 2366 Jerome
1461 2340 1495 2367 to
1511 2338 1662 2368 Heliodo-

326 2386 406 2415 have
427 2386 555 2415 written
580 2385 629 2414 his
653 2385 704 2414 De
727 2385 780 2413 Ira
800 2384 961 2422 expressly
1026 2393 1091 2420 τηε,
1114 2383 1179 2423 Ep.
1197 2393 1273 2415 xxv.
1291 2385 1424 2423 (quoted
1447 2387 1489 2425 by
1504 2387 1661 2427 Oehler):

325 2438 360 2464 to
388 2437 571 2464 controvert
598 2434 653 2463 the
681 2433 828 2471 opinions
852 2432 887 2461 of
911 2432 960 2461 his
1027 2432 1094 2463 Hic
1114 2437 1159 2463 est
1179 2434 1233 2464 ille
1253 2435 1396 2472 operarii
1416 2438 1445 2465 et
1465 2437 1660 2474 quaestuariae

325 2487 444 2513 master
464 2493 506 2513 on
526 2483 590 2513 this
610 2483 712 2521 point.
1016 2483 1122 2521 filius,
1151 2483 1202 2513 hic
1226 2484 1282 2522 qui
1303 2485 1415 2514 matris
1433 2489 1571 2524 qestatus
1589 2486 1660 2519 sinu

384 2533 398 2550 ³
418 2533 542 2562 animas
570 2536 627 2562 aut
656 2533 771 2562 nullas.
817 2532 876 2562 See
903 2531 960 2562 the
1026 2533 1177 2562 hominem
1201 2533 1287 2563 Deus
1297 2534 1392 2573 fuqit
1417 2535 1450 2564 in
1475 2535 1660 2574 AEqyptum,

325 2583 471 2621 question
486 2582 523 2611 of
533 2582 588 2611 the
605 2582 738 2611 reunion
760 2582 796 2611 of
814 2582 869 2611 the
889 2582 960 2611 soul
1026 2582 1078 2612 hic
1089 2583 1215 2612 vestitus
1224 2583 1357 2620 coccino,
1366 2584 1418 2613 Ῑιίο
1426 2584 1560 2613 sentibus
1569 2593 1658 2614 coro-

323 2636 358 2663 το
372 2633 428 2662 the
441 2632 534 2671 body,
548 2632 670 2670 argued
684 2632 785 2670 Apol.
800 2641 827 2661 c.
843 2633 890 2668 48.
1025 2634 1127 2668 natm,
1143 2632 1194 2661 hic
1208 2642 1318 2672 maqus
1339 2633 1523 2663 daemonium
1543 2633 1659 2663 habens

382 2681 397 2698 4
417 2684 498 2710 totus
522 2682 644 2720 rubens,
672 2681 816 2720 alluding
843 2684 878 2711 to
904 2680 960 2711 the
1025 2684 1055 2711 et
1069 2681 1257 2712 Samarites.
