1812 2956
358 202 415 247 ’70
722 204 1123 242 TERTULLIANI
1152 203 1325 242 LIBER

144 353 344 386 CARVHI.
456 336 573 379 Sunt
608 338 659 378 et
694 334 796 377 aliae
834 333 1137 390 complurium
1171 332 1340 376 artium
1369 333 1558 389 species,
1587 346 1692 388 quae

143 444 182 468 To
192 442 301 478 provide
362 413 451 456 etsi
473 427 566 455 non
590 411 867 467 contingunt
891 410 1121 454 idolorum
1145 409 1509 461 fabricationem,
1533 413 1692 453 tamen

143 473 304 559 13ῗῇξῖῗῖ
305 479 335 528 ἷὲ
361 504 430 540 ea,
468 490 566 533 sine
600 488 765 543 quibus
797 487 923 531 idola
955 487 1021 530 nil
1053 490 1260 543 possunt,
1297 487 1464 531 eodem
1501 485 1693 530 crimine

142 564 250 590 bidden.
362 566 629 623 expediunt.
699 565 803 608 Nec
835 564 959 608 enim
985 564 1152 614 differt,
1181 578 1240 606 an
1275 566 1486 607 exstruas
1508 563 1582 608 vel
1613 577 1693 607 ex-

362 658 511 694 ornes,
549 642 588 686 si
624 641 864 698 templum,
903 641 942 684 si
977 655 1117 691 aram,
1153 640 1192 683 si
1222 639 1463 683 aediculam
1500 641 1598 696 ejus
1627 639 1695 682 in-

363 719 598 770 struxeris,
624 719 663 763 si
684 719 922 762 bracteam
945 717 1261 773 expresseris1,
1286 720 1369 760 aut
1395 716 1592 773 insignia
1613 718 1696 759 aut

364 798 507 842 etiam
550 796 739 840 domum
783 794 1099 838 fabricaveris-
1165 793 1317 850 Major
1362 796 1436 837 est
1471 791 1697 850 ejusmodi

366 889 519 932 opera,
545 888 644 928 quae
668 887 762 916 non
784 871 984 928 effigiem
1008 871 1201 921 confert,
1227 870 1310 914 sed
1332 870 1672 914 auctoritatem.

149 974 323 1005 Everytrade
468 952 516 995 Si
554 951 622 994 ita
658 949 909 994 necessitas
946 948 1242 992 exhibitionis
1278 947 1582 998 extenditur²‚
1619 946 1698 989 ha-

148 1012 212 1035 may
222 1005 280 1029 find
290 1005 330 1029 in-

148 1036 328 1096 gfffleffin
365 1030 502 1073 bent3
531 1031 581 1072 et
609 1027 720 1070 alias
749 1026 938 1083 species,
971 1040 1072 1080 quae
1101 1025 1199 1069 sine
1236 1024 1578 1068 exorbitatione
1608 1023 1699 1067 dis-

149 1095 349 1152 ssffl'ss’tiygffigffi
367 1106 559 1162 ciplinae,
596 1105 646 1147 id
680 1107 753 1147 est
787 1103 885 1146 sine
920 1102 1034 1145 idoli
1076 1102 1341 1152 confictura,
1378 1115 1514 1158 opem
1549 1100 1698 1145 victus

366 1186 600 1242 praestent.
673 1180 771 1224 Scit
799 1179 998 1223 albarius
1026 1181 1203 1222 tector4
1225 1182 1275 1222 et
1302 1182 1431 1222 tecta
1459 1177 1629 1222 sarcire
1649 1180 1700 1220 et

368 1259 568 1304 tectoria
602 1258 823 1301 inducere
858 1259 908 1299 et
944 1255 1192 1299 cisternam
1224 1255 1362 1298 liare⁵
1395 1258 1445 1298 et
1479 1253 1700 1310 cymatia⁶

371 1335 638 1379 distendere
656 1337 705 1378 et
725 1333 871 1376 multa
887 1332 976 1375 alia
990 1334 1261 1375 ornamenta
1277 1334 1443 1388 praeter
1460 1330 1702 1374 simulacra

368 1412 623 1470 parietibus
645 1410 908 1466 incrispare.
980 1408 1078 1452 Scit
1112 1412 1162 1452 et
1195 1408 1347 1465 pictor
1378 1411 1428 1451 et
1455 1420 1702 1450 marmora-

369 1491 464 1532 rius
502 1491 551 1532 et
587 1487 773 1531 aerarius
810 1490 861 1530 et
902 1485 1179 1541 quicumque
1214 1485 1401 1528 caelator
1433 1483 1702 1527 latitudines

370 1565 505 1610 suas?
534 1565 696 1620 utique
741 1563 888 1606 multo
933 1561 1174 1605 faciliores.
1244 1562 1368 1604 Nam
1405 1561 1484 1615 qui
1520 1560 1703 1616 signum

370 1641 605 1692 describit,
648 1645 821 1695 quanto
861 1638 1040 1681 facilius
1079 1638 1274 1681 abacum
1309 1636 1439 1679 linit!
1511 1636 1603 1688 Qui
1642 1636 1702 1680 de

369 1718 470 1763 tilia
514 1719 717 1760 Martem
764 1714 1004 1770 exsculpit,
1047 1717 1220 1769 quanto
1273 1713 1408 1756 citius
1455 1712 1703 1756 armarium

371 1793 653 1852 compingit!
713 1791 855 1836 Nulla
876 1806 951 1834 ars
981 1805 1075 1834 non
1096 1790 1285 1834 alterius
1314 1789 1427 1832 artis
1449 1792 1531 1832 aut
1553 1791 1703 1832 mater

371 1877 453 1916 aut
498 1871 755 1929 propinqua
799 1873 884 1913 est.
952 1868 1082 1911 Nihil
1125 1868 1314 1911 alterius
1358 1868 1526 1911 vacatss.
1609 1865 1704 1909 Tot

371 1955 480 1996 sunt
524 1950 694 1994 artium
738 1962 881 1998 venae,
929 1950 1043 2002 quot
1086 1946 1324 1989 hominum
1380 1944 1705 2002 concupiscen-

432 2069 492 2100 Ch.
516 2067 616 2100 VIII.
667 2065 678 2084 ¹
707 2066 737 2096 si
763 2065 919 2095 bracteam
951 2073 1004 2094 ex·
1130 2063 1144 2082 ⁴
1163 2062 1306 2093 albarius
1331 2065 1438 2099 tector,
1464 2063 1475 2079 ‘
1487 2071 1507 2091 a
1531 2060 1706 2100 plasterer.’

366 2119 532 2160 presseris,
547 2120 556 2134 ⁶
567 2118 601 2147 If
611 2125 673 2156 you
693 2116 775 2146 sha'll
793 2116 872 2144 have
889 2115 1006 2144 beaten
1075 2113 1194 2143 Oehler
1216 2115 1330 2151 quotes
1351 2112 1435 2142 Plin.
1459 2111 1502 2141 N.
1519 2111 1561 2142 H.
1577 2119 1704 2142 xxxva

374 2172 431 2199 out
441 2167 602 2207 gold-leaf
609 2167 661 2196 for
669 2166 725 2196 the
735 2173 874 2204 purpose
883 2164 919 2194 of
925 2163 1007 2202 gild-
1074 2172 1130 2201 23:
1155 2162 1276 2192 Contra
1288 2162 1321 2191 in
1335 2161 1461 2191 albario
1475 2169 1576 2199 opere,
1590 2163 1625 2190 ut
1636 2169 1705 2190 ma-

372 2220 431 2258 ing
457 2216 602 2257 images.'
645 2216 714 2245 The
740 2216 871 2244 context
904 2213 1007 2242 shews
1073 2212 1181 2239 cerata
1195 2209 1267 2238 calx
1281 2218 1335 2238 ceu
1348 2208 1501 2247 qlutinum
1515 2207 1642 2237 hoereat.

373 2269 445 2298 that
455 2268 510 2298 the
523 2274 662 2305 purpose
671 2266 757 2294 must
769 2264 809 2293 be
822 2263 1008 2298 idolatrous,
1132 2258 1146 2276 ⁵
1165 2259 1256 2295 liare,
1274 2258 1333 2288 Gr.
1347 2257 1518 2294 λειαίνειν,
1541 2257 1594 2286 ‘to
1612 2255 1705 2286 make

374 2318 407 2347 in
423 2318 516 2347 order
529 2319 563 2346 to
577 2315 670 2345 make
683 2314 739 2344 the
756 2315 808 2342 act
820 2312 1005 2341 idolatrous.
1073 2309 1199 2338 smooth
1208 2308 1216 2321 ’
1229 2309 1270 2347 by
1283 2307 1386 2346 lining
1399 2307 1426 2336 it
1435 2307 1512 2336 with
1526 2308 1661 2343 cement,
1669 2314 1707 2336 or

434 2367 448 2385 2
469 2366 655 2402 extenditur,
670 2359 712 2393 ‘is
726 2362 886 2393 stretched
896 2370 931 2390 so
941 2360 1010 2397 far‚’
1073 2366 1161 2387 some
1180 2357 1257 2386 such
1280 2356 1435 2385 material.
1475 2355 1524 2385 La
1539 2355 1576 2386 C.
1592 2358 1707 2394 quotes

376 2426 411 2446 as
433 2419 468 2446 to
491 2415 654 2445 authorize
671 2411 895 2450 idol-making.
929 2410 1006 2448 Rig.
1074 2407 1170 2445 Apio.
1194 2416 1229 2436 v.
1257 2416 1271 2435 1
1284 2417 1292 2436 :
1322 2405 1497 2436 Permisces
1519 2408 1549 2435 et
1574 2405 1648 2443 lias,
1672 2407 1708 2435 ue

375 2467 459 2496 from
470 2465 578 2495 Ursin.
587 2462 772 2493 obtenditur.
794 2460 915 2496 Below,
923 2468 952 2488 c.
964 2468 1011 2495 11,
1075 2457 1168 2496 quasi
1179 2465 1288 2486 succus
1302 2456 1454 2486 videatur.

379 2514 543 2545 Graviora
555 2521 684 2552 quaeque
696 2511 811 2541 delicta
817 2518 881 2548 pro
891 2508 1012 2547 maqm'-
1134 2505 1149 2523 ⁶
1168 2506 1314 2544 cymatia,
1331 2507 1340 2522 ‘
1348 2502 1550 2543 mouldings‚'
1569 2501 1707 2542 prqieet-
1764 2487 1768 2490 ⁴

376 2564 483 2593 tudine
496 2562 620 2602 peccati
632 2560 828 2600 diliqentiam
847 2557 1011 2588 extendant
1075 2556 1133 2595 ing
1154 2556 1218 2585 and
1237 2555 1394 2594 breaking
1415 2555 1471 2584 the
1493 2554 1616 2583 surface
1635 2552 1708 2585 οἵα
1732 2587 1740 2594 .

377 2612 611 2642 observationis,
1075 2605 1222 2643 building
1235 2604 1313 2634 with
1327 2604 1407 2633 lines
1420 2603 1484 2632 like
1497 2602 1553 2632 the
1563 2600 1667 2640 ripple
1674 2600 1712 2630 of

437 2661 451 2678 ³
472 2662 595 2698 habent,
609 2669 652 2691 sc.
665 2661 750 2690 artes
764 2658 876 2688 habent
888 2659 917 2687 et
927 2655 1012 2686 alias
1076 2663 1193 2684 waveS.
1232 2654 1416 2692 incrispare,
1429 2655 1463 2683 to
1483 2655 1543 2691 put
1561 2660 1603 2680 on
1618 2650 1708 2680 work

377 2711 503 2750 species.
1076 2704 1109 2733 in
1122 2703 1223 2733 relief.
1259 2703 1379 2733 Oehler
1392 2704 1504 2741 quotes
1517 2700 1600 2731 Plin.
1611 2699 1654 2731 N.
1663 2698 1707 2730 B.
