1812 2956
123 332 219 364 CAP.
235 332 267 361 11
273 331 301 362 1.

111 414 195 441 Exod.
209 414 250 439 xii.

111 648 153 673 Es.
168 648 216 672 xiv.

126 866 223 900 CAP.
240 867 301 898 IV.

115 923 173 949 Our
182 923 281 953 baptis-

113 955 170 979 mal
180 961 237 979 vow
245 961 287 979 rc-

114 991 234 1009 uounccs
249 985 316 1010 idol-

114 1017 182 1046 atry.
216 1015 231 1039 Ι
242 1017 296 1041 will

113 1053 195 1101 pfl-ove
206 1047 265 1071 that

113 1085 126 1102 s
147 1084 199 1102 ows
210 1084 257 1102 are

112 1108 269 1137 idfflatrous,
282 1108 311 1132 in

113 1139 206 1169 origin,
220 1139 286 1170 title,

113 1176 127 1193 e
147 1170 278 1200 uipment,

114 1206 132 1230 p
144 1207 199 1230 ace,
211 1200 266 1225 aud

111 1232 174 1255 arts.

328 183 382 224 1'0
690 185 1093 222 TERTULLIANI
1123 186 1299 221 LIBER

328 320 460 364 Deus
505 317 740 361 Israelitas
777 316 1001 359 admonet
1038 315 1287 372 disciplinae
1326 315 1398 359 vel
1433 315 1662 372 objurgat.

329 397 491 452 utique
516 395 576 438 ad
594 408 754 438 omnes
771 393 980 443 habet¹²3
1003 407 1108 435 cum
1127 393 1331 448 AEgypto
1353 395 1403 436 et
1417 391 1665 448 AEthiopiae

334 473 530 517 exitium
554 470 875 521 comminatur,
899 469 1061 526 utique
1084 469 1132 511 in
1153 483 1336 512 omnem
1357 471 1546 525 gentem
1561 482 1667 525 pec-

332 550 553 594 catricem
587 547 868 604 praejudicat.
942 546 990 590 Si
1017 546 1165 589 omnis
1195 560 1311 601 gens
1339 545 1578 602 peccatrix
1594 550 1668 589 est

331 628 563 682 AEgyptus
591 628 641 668 et
671 623 921 679 AEthiopia,
951 637 979 665 a
1007 622 1161 678 specie
1185 622 1247 664 ad
1269 636 1429 678 genus,
1449 622 1666 679 quemad-

331 704 523 747 modum
544 702 685 745 etiam
704 700 764 743 de
794 700 972 757 origine
997 700 1365 756 spectaculorum
1380 713 1516 743 omne
1540 713 1668 756 spee-

331 780 539 824 taculum
569 778 817 823 concilium
833 777 1094 833 impiorum,
1118 792 1146 820 a
1166 791 1340 833 genere
1363 776 1424 820 ad
1447 776 1663 833 speciem.

434 857 510 900 Ne
535 856 636 911 quis
659 854 976 910 argumentari
1004 869 1087 897 nos
1110 857 1258 910 putet,
1283 854 1345 896 ad
1367 853 1668 910 principalem

335 934 663 979 auctoritatem
684 938 927 976 convertar
947 932 1088 988 ipsius
1107 932 1331 988 signaculi
1354 931 1513 976 nostri.
1551 931 1669 975 Cum

334 1026 501 1070 aquam
516 1009 712 1067 ingressi
732 1009 1039 1052 Christianam
1057 1009 1195 1052 fidem
1217 1009 1265 1051 in
1283 1009 1399 1065 legis
1420 1023 1512 1052 suae
1526 1009 1669 1053 verba

332 1091 615 1148 profitemur,
651 1087 940 1132 renuntiasse
979 1102 1062 1131 nos
1100 1087 1285 1131 diabolo
1322 1091 1372 1132 et
1402 1102 1583 1144 pompae
1618 1090 1668 1131 et

332 1166 509 1223 angelis
554 1166 652 1221 ejus
690 1179 771 1208 ore
814 1168 975 1207 nostro
1018 1169 1346 1208 contestamur.
1411 1164 1537 1216 Quid
1577 1164 1668 1208 erit

332 1258 562 1288 summum
583 1257 637 1286 ac
671 1239 965 1298 praecipuum,
991 1242 1039 1284 in
1064 1256 1156 1296 quo
1180 1241 1390 1285 diabolus
1414 1245 1464 1286 et
1485 1256 1667 1299 pompae

333 1325 383 1365 et
406 1319 561 1376 angeli
586 1320 684 1375 ejus
703 1322 992 1372 censeantur,
1012 1333 1149 1374 quam
1167 1319 1465 1362 idololatria?
1497 1334 1558 1363 ex
1577 1334 1668 1375 qua

333 1398 481 1442 omnis
515 1396 779 1439 immundus
815 1399 864 1439 et
891 1410 1091 1450 nequam
1125 1395 1325 1452 spiritus,
1350 1400 1404 1439 ut
1437 1396 1505 1440 ita
1538 1396 1667 1440 dixe·

331 1475 454 1525 rim¹,
481 1474 588 1529 quia
619 1488 706 1517 nec
734 1473 907 1517 diutius
936 1473 996 1516 de
1023 1472 1124 1516 hoc.
1196 1473 1348 1528 Igitur
1375 1473 1413 1517 si
1436 1488 1498 1517 ex
1520 1473 1667 1517 idolo-

332 1551 468 1594 latria
491 1550 752 1593 universam
776 1549 1145 1605 spectaculorum
1167 1554 1433 1604 paraturam
1454 1554 1667 1594 constare

336 1626 616 1676 constiterit,
639 1626 900 1668 indubitate
929 1625 1280 1681 praejudicatum
1311 1626 1400 1669 erit
1435 1626 1578 1670 etiam
1607 1627 1669 1671 ad

334 1703 602 1760 spectacula
640 1702 875 1758 pertinere
910 1702 1265 1745 renuntiationis
1304 1705 1500 1746 nostrae2
1539 1703 1670 1747 testi-

333 1779 538 1823 monium
553 1779 600 1821 in
616 1779 810 1832 lavacro,
830 1793 932 1835 quae
954 1778 1139 1821 diabolo
1158 1783 1207 1822 et
1223 1793 1403 1835 pompae
1425 1783 1475 1822 et
1491 1781 1668 1836 angelis

333 1858 431 1913 ejus
455 1856 548 1899 sint
568 1855 842 1912 mancipata,
869 1855 1046 1898 scilicet
1068 1870 1152 1911 per
1172 1855 1495 1901 idololatriam.
1534 1857 1668 1901 com-

333 1933 690 1977 memorabimus
715 1932 917 1988 origines
941 1932 1240 1988 singulorum‚
1265 1933 1430 1988 quibus
1453 1933 1501 1976 in
1531 1948 1668 1987 cuna-

392 2066 420 2085 ²²
440 2067 486 2096 ad
495 2076 595 2097 omnes
609 2067 710 2097 habet.
733 2068 743 2084 ‘
753 2067 893 2106 Suppleo
908 2067 968 2098 ad-

332 2116 528 2146 monitionem
549 2116 724 2155 disciplinoe
749 2117 798 2146 vel
820 2117 969 2156 objurqa-

1033 2068 1161 2098 Provid.
1175 2068 1229 2098 lib.
1245 2071 1264 2098 6
1276 2079 1284 2099 ς
1310 2068 1389 2107 Quae
1405 2071 1452 2099 est
1469 2069 1502 2099 in
1515 2069 1668 2108 baptismo

1033 2117 1173 2147 salutari
1193 2117 1444 2147 Christianorum
1465 2119 1574 2157 prima
1594 2128 1668 2148 eon-

332 2166 455 2195 tionem.
487 2166 604 2195 Junius
611 2166 844 2204 pronuntiata!
874 2167 967 2197 Oehl.

395 2216 455 2245 Ch.
473 2215 533 2245 IV.
579 2214 588 2232 ¹
610 2219 645 2245 ut
666 2216 714 2244 ita
744 2215 888 2245 dixerim.
916 2216 969 2246 De

333 2265 425 2303 Virg.
437 2265 508 2295 Vel.
520 2274 547 2294 c.
561 2275 588 2301 2,
597 2265 688 2294 semel
696 2264 838 2301 diaeerim,
849 2274 912 2294 una
922 2275 969 2295 ec-

334 2314 430 2344 clesia
443 2323 557 2343 sumus.
571 2314 707 2353 Dodgs.,
723 2314 820 2343 ‘from
838 2314 969 2344 whence

335 2362 387 2402 (so
408 2367 443 2393 to
469 2364 576 2402 speak,
598 2364 649 2393 for
669 2364 687 2393 1
703 2364 785 2392 shall
806 2364 903 2402 speak
925 2373 967 2393 no

332 2413 448 2451 longer
471 2422 512 2442 on
524 2413 587 2442 this
601 2412 723 2452 point,)‘
735 2413 861 2443 cometh
877 2423 968 2453 every

333 2462 456 2491 wicked
470 2462 532 2491 and
546 2462 680 2491 unclean
696 2462 811 2501 spirit!

391 2510 406 2528 2
426 2511 665 2540 renuntiationis
678 2515 801 2541 nostroe.
843 2512 901 2542 See
914 2513 969 2542 be-

333 2559 406 2596 low,
423 2569 448 2589 c.
466 2570 520 2597 243
542 2561 593 2590 De
608 2561 689 2590 Idol.
707 2571 734 2590 c.
751 2563 805 2598 183
826 2562 876 2592 De
893 2562 967 2593 Cor.

335 2618 361 2638 c.
373 2619 389 2646 3
402 2619 410 2646 3
431 2610 513 2639 Ibid.
524 2620 550 2639 c.
569 2621 621 2649 13;
642 2611 758 2649 Bingh.
772 2612 891 2642 Christ.
902 2613 969 2642 An-

335 2658 393 2697 tiq.
409 2667 459 2689 xi.
474 2668 500 2697 7,
517 2670 543 2696 2,
552 2661 625 2690 who
639 2664 752 2699 quotes
768 2662 903 2692 Salvian.
918 2662 969 2692 De

1024 2167 1129 2205 fissio
1140 2166 1156 2196 ?
1199 2167 1273 2206 Quae
1292 2168 1412 2197 scilicet
1429 2168 1493 2197 nisi
1511 2171 1545 2197 ut
1557 2177 1669 2198 renun-

1034 2217 1116 2245 tiare
1135 2217 1261 2246 diabolo
1276 2227 1343 2247 cum
1358 2217 1484 2256 pompis
1495 2217 1562 2255 ejus
1574 2221 1669 2256 atque

1033 2266 1221 2303 spectaculis
1233 2269 1263 2295 et
1278 2266 1423 2304 operibus
1430 2270 1641 2305 protestentur
1651 2267 1669 2298 ,⁹

1033 2315 1125 2353 Erqo
1151 2316 1329 2353 spectacula
1358 2319 1388 2346 et
1413 2326 1547 2356 pompae,
1574 2319 1669 2348 etiam

1025 2364 1125 2401 juxta
1147 2369 1286 2394 nostram
1309 2366 1545 2404 pmfbssionem,
1571 2377 1669 2407 opera

1033 2417 1105 2443 sunt
1130 2413 1261 2443 diaboli.
1307 2415 1476 2453 Quomodo,
1503 2415 1531 2445 0
1557 2416 1668 2446 Chris-

1032 2463 1126 2500 tiane,
1141 2464 1320 2502 spectacula
1331 2468 1407 2503 post
1420 2465 1605 2503 baptismum
1618 2477 1666 2497 se-

1034 2513 1148 2551 queris,
1162 2522 1232 2551 quoe
1246 2523 1323 2551 opus
1333 2523 1396 2543 esse
1409 2514 1530 2544 diaboli
1542 2517 1668 2555 confite.

1034 2562 1082 2591 ris
1092 2561 1108 2591 ,⁹
1135 2562 1249 2600 Anqeli
1263 2563 1289 2592 is
1303 2564 1380 2592 used
1395 2564 1445 2593 for
1459 2565 1513 2594 the
1526 2574 1666 2596 messen-

1034 2621 1107 2650 gers
1123 2612 1159 2641 of
1168 2612 1222 2641 the
1234 2612 1293 2641 evil
1305 2622 1364 2642 one
1372 2614 1505 2651 passim.
1537 2614 1590 2646 On
1605 2615 1669 2646 this

1037 2661 1126 2691 Tert.
1142 2661 1174 2690 in
1194 2662 1244 2692 De
1260 2663 1333 2693 Vel.
1349 2663 1440 2702 Virg.
1456 2673 1482 2695 c,
1496 2672 1523 2704 7,
1537 2665 1600 2694 and
1615 2665 1667 2696 De
