<?xml version="1.0" encoding="UTF-8"?>
<!DOCTYPE html PUBLIC "-//W3C//DTD XHTML 1.0 Transitional//EN"
    "http://www.w3.org/TR/xhtml1/DTD/xhtml1-transitional.dtd">
<html xmlns="http://www.w3.org/1999/xhtml" xml:lang="en" lang="en">
 <head>
  <title>
</title>
<meta http-equiv="Content-Type" content="text/html;charset=utf-8" />
  <meta name='ocr-system' content='tesseract 3.04.00' />
  <meta name='ocr-capabilities' content='ocr_page ocr_carea ocr_par ocr_line ocrx_word'/>
</head>
<body>
  <div class='ocr_page' id='page_1' title='image "./libritresdespect00tertuoft/libritresdespect00tertuoft_0087.png"; bbox 0 0 1812 2956; ppageno 0'>
   <div class='ocr_carea' id='block_1_1' title="bbox 492 181 1455 226">
    <p class='ocr_par' dir='ltr' id='par_1_1' title="bbox 492 181 1455 226">
     <span class='ocr_line' id='line_1_1' title="bbox 492 181 1455 226; baseline 0 -1"><span class='ocrx_word' id='word_1_1' title='bbox 492 189 580 225; x_wconf 87' lang='lat' dir='ltr'><strong>DE</strong></span> <span class='ocrx_word' id='word_1_2' title='bbox 620 187 1058 226; x_wconf 76' lang='lat' dir='ltr'><strong><em>SPEO&#39;TAG&#39;ULIS.</em></strong></span> <span class='ocrx_word' id='word_1_3' title='bbox 1171 198 1174 201; x_wconf 84' lang='grc'><em>·</em></span> <span class='ocrx_word' id='word_1_4' title='bbox 1399 181 1455 225; x_wconf 82' lang='grc'><strong>29</strong></span> 
     </span>
    </p>
   </div>
   <div class='ocr_carea' id='block_1_2' title="bbox 106 321 1656 457">
    <p class='ocr_par' dir='ltr' id='par_1_2' title="bbox 106 321 1656 457">
     <span class='ocr_line' id='line_1_2' title="bbox 106 321 1656 380; baseline -0.004 -14"><span class='ocrx_word' id='word_1_5' title='bbox 106 322 194 366; x_wconf 87' lang='lat' dir='ltr'><strong>bus</strong></span> <span class='ocrx_word' id='word_1_6' title='bbox 226 323 378 366; x_wconf 89' lang='lat' dir='ltr'><strong>modis</strong></span> <span class='ocrx_word' id='word_1_7' title='bbox 413 322 680 380; x_wconf 87' lang='lat' dir='ltr'><strong>spectacula</strong></span> <span class='ocrx_word' id='word_1_8' title='bbox 714 322 1026 366; x_wconf 79' lang='lat' dir='ltr'>idololatriam</span> <span class='ocrx_word' id='word_1_9' title='bbox 1060 322 1369 372; x_wconf 78' lang='lat' dir='ltr'><strong>committant,</strong></span> <span class='ocrx_word' id='word_1_10' title='bbox 1395 321 1455 366; x_wconf 88' lang='lat' dir='ltr'><strong>de</strong></span> <span class='ocrx_word' id='word_1_11' title='bbox 1501 330 1541 362; x_wconf 84' lang='lat' dir='ltr'><strong>c,</strong></span> <span class='ocrx_word' id='word_1_12' title='bbox 1556 330 1656 361; x_wconf 87' lang='lat' dir='ltr'><strong>xm.</strong></span> 
     </span>
     <span class='ocr_line' id='line_1_3' title="bbox 106 399 1634 457; baseline -0.001 -14"><span class='ocrx_word' id='word_1_13' title='bbox 106 399 375 457; x_wconf 84' lang='lat' dir='ltr'>originibus,</span> <span class='ocrx_word' id='word_1_14' title='bbox 414 400 475 444; x_wconf 90' lang='lat' dir='ltr'><strong>de</strong></span> <span class='ocrx_word' id='word_1_15' title='bbox 506 400 668 452; x_wconf 86' lang='lat' dir='ltr'><strong>titulis,</strong></span> <span class='ocrx_word' id='word_1_16' title='bbox 705 401 765 445; x_wconf 92' lang='lat' dir='ltr'><strong>de</strong></span> <span class='ocrx_word' id='word_1_17' title='bbox 798 400 1110 457; x_wconf 83' lang='lat' dir='ltr'><strong>apparatibus,</strong></span> <span class='ocrx_word' id='word_1_18' title='bbox 1142 400 1202 444; x_wconf 90' lang='lat' dir='ltr'><strong>de</strong></span> <span class='ocrx_word' id='word_1_19' title='bbox 1233 399 1360 450; x_wconf 88' lang='lat' dir='ltr'><strong>locis,</strong></span> <span class='ocrx_word' id='word_1_20' title='bbox 1395 399 1455 443; x_wconf 87' lang='lat' dir='ltr'><strong>de</strong></span> <span class='ocrx_word' id='word_1_21' title='bbox 1474 412 1634 449; x_wconf 62' lang='lat' dir='ltr'><strong>tzousexm-</strong></span> 
     </span>
    </p>
   </div>
   <div class='ocr_carea' id='block_1_3' title="bbox 1474 443 1660 505">
    <p class='ocr_par' dir='ltr' id='par_1_3' title="bbox 1474 443 1660 505">
     <span class='ocr_line' id='line_1_4' title="bbox 1474 443 1630 468; baseline 0 0"><span class='ocrx_word' id='word_1_22' title='bbox 1474 443 1573 468; x_wconf 74' lang='lat' dir='ltr'><strong>bitions</strong></span> <span class='ocrx_word' id='word_1_23' title='bbox 1582 450 1630 468; x_wconf 71' lang='lat' dir='ltr'><strong>are</strong></span> 
     </span>
     <span class='ocr_line' id='line_1_5' title="bbox 1474 474 1660 505; baseline 0 -7"><span class='ocrx_word' id='word_1_24' title='bbox 1474 474 1577 505; x_wconf 82' lang='lat' dir='ltr'><strong>utterly</strong></span> <span class='ocrx_word' id='word_1_25' title='bbox 1587 474 1660 499; x_wconf 83' lang='lat' dir='ltr'><strong>unfit</strong></span> 
     </span>
    </p>
   </div>
   <div class='ocr_carea' id='block_1_4' title="bbox 105 478 1456 536">
    <p class='ocr_par' dir='ltr' id='par_1_4' title="bbox 105 478 1456 536">
     <span class='ocr_line' id='line_1_6' title="bbox 105 478 1456 536; baseline 0 -15"><span class='ocrx_word' id='word_1_26' title='bbox 105 478 346 529; x_wconf 83' lang='lat' dir='ltr'><strong>artificiis¹,</strong></span> <span class='ocrx_word' id='word_1_27' title='bbox 376 493 469 534; x_wconf 91' lang='lat' dir='ltr'><strong>quo</strong></span> <span class='ocrx_word' id='word_1_28' title='bbox 504 480 623 523; x_wconf 87' lang='lat' dir='ltr'><strong>certi</strong></span> <span class='ocrx_word' id='word_1_29' title='bbox 657 494 814 523; x_wconf 88' lang='lat' dir='ltr'><strong>sumus</strong></span> <span class='ocrx_word' id='word_1_30' title='bbox 848 479 974 523; x_wconf 90' lang='lat' dir='ltr'><strong>nulla</strong></span> <span class='ocrx_word' id='word_1_31' title='bbox 1008 494 1069 523; x_wconf 89' lang='lat' dir='ltr'><strong>ex</strong></span> <span class='ocrx_word' id='word_1_32' title='bbox 1102 483 1237 536; x_wconf 88' lang='lat' dir='ltr'><strong>parte</strong></span> <span class='ocrx_word' id='word_1_33' title='bbox 1272 493 1456 535; x_wconf 85' lang='lat' dir='ltr'><strong>compe·</strong></span> 
     </span>
    </p>
   </div>
   <div class='ocr_carea' id='block_1_5' title="bbox 100 633 1456 1390">
    <p class='ocr_par' dir='ltr' id='par_1_5' title="bbox 100 633 1456 1390">
     <span class='ocr_line' id='line_1_7' title="bbox 105 633 1455 691; baseline 0.001 -15"><span class='ocrx_word' id='word_1_34' title='bbox 105 633 232 688; x_wconf 92' lang='lat' dir='ltr'><strong>quod</strong></span> <span class='ocrx_word' id='word_1_35' title='bbox 266 633 443 678; x_wconf 89' lang='lat' dir='ltr'><strong>idolum</strong></span> <span class='ocrx_word' id='word_1_36' title='bbox 478 634 539 677; x_wconf 87' lang='lat' dir='ltr'><strong>sit</strong></span> <span class='ocrx_word' id='word_1_37' title='bbox 573 634 760 690; x_wconf 82' lang='lat' dir='ltr'><strong>aliquid,</strong></span> <span class='ocrx_word' id='word_1_38' title='bbox 803 634 1040 691; x_wconf 89' lang='lat' dir='ltr'><strong>apostolus</strong></span> <span class='ocrx_word' id='word_1_39' title='bbox 1088 635 1167 685; x_wconf 91' lang='lat' dir='ltr'><strong>ait,</strong></span> <span class='ocrx_word' id='word_1_40' title='bbox 1201 634 1286 678; x_wconf 91' lang='lat' dir='ltr'><strong>sed</strong></span> <span class='ocrx_word' id='word_1_41' title='bbox 1328 634 1455 690; x_wconf 90' lang='lat' dir='ltr'><strong>quod</strong></span> 
     </span>
     <span class='ocr_line' id='line_1_8' title="bbox 105 711 1456 766; baseline 0.001 -12"><span class='ocrx_word' id='word_1_42' title='bbox 105 725 209 766; x_wconf 86' lang='lat' dir='ltr'><strong>quae</strong></span> <span class='ocrx_word' id='word_1_43' title='bbox 227 711 408 756; x_wconf 87' lang='lat' dir='ltr'><strong>faciunt</strong></span> <span class='ocrx_word' id='word_1_44' title='bbox 426 712 665 755; x_wconf 86' lang='lat' dir='ltr'><strong>daemoniis</strong></span> <span class='ocrx_word' id='word_1_45' title='bbox 681 712 873 763; x_wconf 86' lang='lat' dir='ltr'><strong>faciunt,</strong></span> <span class='ocrx_word' id='word_1_46' title='bbox 894 712 1254 756; x_wconf 85' lang='lat' dir='ltr'><strong>consistentibus</strong></span> <span class='ocrx_word' id='word_1_47' title='bbox 1277 712 1456 756; x_wconf 86' lang='lat' dir='ltr'><strong>scilicet</strong></span> 
     </span>
     <span class='ocr_line' id='line_1_9' title="bbox 102 787 1453 847; baseline 0.003 -17"><span class='ocrx_word' id='word_1_48' title='bbox 102 787 152 830; x_wconf 91' lang='lat' dir='ltr'><strong>in</strong></span> <span class='ocrx_word' id='word_1_49' title='bbox 175 789 602 833; x_wconf 87' lang='lat' dir='ltr'><strong>consecrationibus</strong></span> <span class='ocrx_word' id='word_1_50' title='bbox 626 789 858 833; x_wconf 90' lang='lat' dir='ltr'><strong>idolorum</strong></span> <span class='ocrx_word' id='word_1_51' title='bbox 889 790 984 834; x_wconf 90' lang='lat' dir='ltr'><strong>sive</strong></span> <span class='ocrx_word' id='word_1_52' title='bbox 1018 793 1310 847; x_wconf 85' lang='lat' dir='ltr'><strong>mortuorum</strong></span> <span class='ocrx_word' id='word_1_53' title='bbox 1344 791 1453 840; x_wconf 90' lang='lat' dir='ltr'><strong>sive,</strong></span> 
     </span>
     <span class='ocr_line' id='line_1_10' title="bbox 102 867 1455 923; baseline 0.001 -14"><span class='ocrx_word' id='word_1_54' title='bbox 102 869 158 910; x_wconf 88' lang='lat' dir='ltr'><strong>ut</strong></span> <span class='ocrx_word' id='word_1_55' title='bbox 178 870 358 922; x_wconf 85' lang='lat' dir='ltr'><strong>putant,</strong></span> <span class='ocrx_word' id='word_1_56' title='bbox 378 867 587 911; x_wconf 83' lang='lat' dir='ltr'><strong>deorum.</strong></span> <span class='ocrx_word' id='word_1_57' title='bbox 634 867 894 923; x_wconf 88' lang='lat' dir='ltr'><strong>Propterea</strong></span> <span class='ocrx_word' id='word_1_58' title='bbox 910 867 1067 923; x_wconf 86' lang='lat' dir='ltr'><strong>igitur,</strong></span> <span class='ocrx_word' id='word_1_59' title='bbox 1087 867 1306 921; x_wconf 88' lang='lat' dir='ltr'><strong>quoniam</strong></span> <span class='ocrx_word' id='word_1_60' title='bbox 1327 871 1455 910; x_wconf 90' lang='lat' dir='ltr'><strong>utra-</strong></span> 
     </span>
     <span class='ocr_line' id='line_1_11' title="bbox 103 943 1453 1000; baseline 0.001 -14"><span class='ocrx_word' id='word_1_61' title='bbox 103 957 195 998; x_wconf 91' lang='lat' dir='ltr'><strong>que</strong></span> <span class='ocrx_word' id='word_1_62' title='bbox 226 944 404 1000; x_wconf 87' lang='lat' dir='ltr'><strong>species</strong></span> <span class='ocrx_word' id='word_1_63' title='bbox 447 943 679 987; x_wconf 91' lang='lat' dir='ltr'><strong>idolorum</strong></span> <span class='ocrx_word' id='word_1_64' title='bbox 719 944 999 988; x_wconf 85' lang='lat' dir='ltr'><strong>conditionis</strong></span> <span class='ocrx_word' id='word_1_65' title='bbox 1040 945 1175 988; x_wconf 93' lang='lat' dir='ltr'><strong>unius</strong></span> <span class='ocrx_word' id='word_1_66' title='bbox 1215 947 1299 995; x_wconf 88' lang='lat' dir='ltr'><strong>est,</strong></span> <span class='ocrx_word' id='word_1_67' title='bbox 1340 944 1453 988; x_wconf 90' lang='lat' dir='ltr'><strong>dum</strong></span> 
     </span>
     <span class='ocr_line' id='line_1_12' title="bbox 101 1019 1452 1076; baseline 0.001 -14"><span class='ocrx_word' id='word_1_68' title='bbox 101 1019 275 1063; x_wconf 87' lang='lat' dir='ltr'><strong>mortui</strong></span> <span class='ocrx_word' id='word_1_69' title='bbox 293 1023 342 1063; x_wconf 87' lang='lat' dir='ltr'><strong>et</strong></span> <span class='ocrx_word' id='word_1_70' title='bbox 363 1019 442 1064; x_wconf 88' lang='lat' dir='ltr'><strong>dei</strong></span> <span class='ocrx_word' id='word_1_71' title='bbox 464 1034 609 1062; x_wconf 90' lang='lat' dir='ltr'><strong>unum</strong></span> <span class='ocrx_word' id='word_1_72' title='bbox 632 1023 753 1071; x_wconf 87' lang='lat' dir='ltr'><strong>sunt,</strong></span> <span class='ocrx_word' id='word_1_73' title='bbox 778 1024 977 1076; x_wconf 88' lang='lat' dir='ltr'><strong>utraque</strong></span> <span class='ocrx_word' id='word_1_74' title='bbox 1000 1020 1288 1064; x_wconf 82' lang='lat' dir='ltr'><strong>idololatria3</strong></span> <span class='ocrx_word' id='word_1_75' title='bbox 1311 1021 1452 1065; x_wconf 87' lang='lat' dir='ltr'><strong>absti-</strong></span> 
     </span>
     <span class='ocr_line' id='line_1_13' title="bbox 100 1099 1452 1155; baseline 0.001 -14"><span class='ocrx_word' id='word_1_76' title='bbox 100 1112 278 1142; x_wconf 88' lang='lat' dir='ltr'><strong>nemus.</strong></span> <span class='ocrx_word' id='word_1_77' title='bbox 333 1099 438 1143; x_wconf 88' lang='lat' dir='ltr'><strong>Nec</strong></span> <span class='ocrx_word' id='word_1_78' title='bbox 462 1099 615 1142; x_wconf 83' lang='lat' dir='ltr'><strong>minus</strong></span> <span class='ocrx_word' id='word_1_79' title='bbox 638 1099 838 1155; x_wconf 84' lang='lat' dir='ltr'><strong>templa⁴</strong></span> <span class='ocrx_word' id='word_1_80' title='bbox 862 1115 1001 1155; x_wconf 90' lang='lat' dir='ltr'><strong>quam</strong></span> <span class='ocrx_word' id='word_1_81' title='bbox 1038 1103 1341 1144; x_wconf 87' lang='lat' dir='ltr'><strong>monumenta</strong></span> <span class='ocrx_word' id='word_1_82' title='bbox 1372 1100 1452 1143; x_wconf 91' lang='lat' dir='ltr'><strong>de-</strong></span> 
     </span>
     <span class='ocr_line' id='line_1_14' title="bbox 100 1176 1452 1234; baseline 0.001 -15"><span class='ocrx_word' id='word_1_83' title='bbox 100 1176 320 1232; x_wconf 79' lang='lat' dir='ltr'><strong>spuimus,</strong></span> <span class='ocrx_word' id='word_1_84' title='bbox 347 1181 564 1221; x_wconf 88' lang='lat' dir='ltr'><strong>neutram</strong></span> <span class='ocrx_word' id='word_1_85' title='bbox 597 1191 725 1220; x_wconf 88' lang='lat' dir='ltr'><strong>aram</strong></span> <span class='ocrx_word' id='word_1_86' title='bbox 759 1178 983 1228; x_wconf 87' lang='lat' dir='ltr'><strong>novimus,</strong></span> <span class='ocrx_word' id='word_1_87' title='bbox 1005 1181 1221 1222; x_wconf 90' lang='lat' dir='ltr'><strong>neutram</strong></span> <span class='ocrx_word' id='word_1_88' title='bbox 1249 1177 1452 1234; x_wconf 86' lang='lat' dir='ltr'><strong>effigiem</strong></span> 
     </span>
     <span class='ocr_line' id='line_1_15' title="bbox 100 1253 1451 1312; baseline 0.001 -16"><span class='ocrx_word' id='word_1_89' title='bbox 100 1253 361 1305; x_wconf 85' lang='lat' dir='ltr'><strong>adoramus,</strong></span> <span class='ocrx_word' id='word_1_90' title='bbox 401 1269 496 1298; x_wconf 90' lang='lat' dir='ltr'><strong>non</strong></span> <span class='ocrx_word' id='word_1_91' title='bbox 530 1255 852 1306; x_wconf 88' lang='lat' dir='ltr'><strong>sacrificamus,</strong></span> <span class='ocrx_word' id='word_1_92' title='bbox 888 1270 983 1298; x_wconf 90' lang='lat' dir='ltr'><strong>non</strong></span> <span class='ocrx_word' id='word_1_93' title='bbox 1017 1258 1328 1312; x_wconf 89' lang='lat' dir='ltr'><strong>parentamus,</strong></span> <span class='ocrx_word' id='word_1_94' title='bbox 1366 1255 1451 1299; x_wconf 88' lang='lat' dir='ltr'><strong>sed</strong></span> 
     </span>
     <span class='ocr_line' id='line_1_16' title="bbox 100 1332 1450 1390; baseline 0.001 -15"><span class='ocrx_word' id='word_1_95' title='bbox 100 1346 253 1388; x_wconf 90' lang='lat' dir='ltr'><strong>neque</strong></span> <span class='ocrx_word' id='word_1_96' title='bbox 277 1332 338 1376; x_wconf 86' lang='lat' dir='ltr'><strong>dc</strong></span> <span class='ocrx_word' id='word_1_97' title='bbox 359 1333 641 1377; x_wconf 86' lang='lat' dir='ltr'><strong>sacrificato⁵</strong></span> <span class='ocrx_word' id='word_1_98' title='bbox 665 1337 715 1377; x_wconf 89' lang='lat' dir='ltr'><strong>et</strong></span> <span class='ocrx_word' id='word_1_99' title='bbox 737 1337 984 1390; x_wconf 87' lang='lat' dir='ltr'><strong>parentato</strong></span> <span class='ocrx_word' id='word_1_100' title='bbox 1009 1333 1202 1384; x_wconf 87' lang='lat' dir='ltr'><strong>edimus,</strong></span> <span class='ocrx_word' id='word_1_101' title='bbox 1225 1334 1334 1389; x_wconf 90' lang='lat' dir='ltr'><strong>quia</strong></span> <span class='ocrx_word' id='word_1_102' title='bbox 1356 1349 1450 1377; x_wconf 91' lang='lat' dir='ltr'><strong>non</strong></span> 
     </span>
    </p>
   </div>
   <div class='ocr_carea' id='block_1_6' title="bbox 99 1410 1647 1467">
    <p class='ocr_par' dir='ltr' id='par_1_6' title="bbox 99 1410 1647 1467">
     <span class='ocr_line' id='line_1_17' title="bbox 99 1410 1647 1467; baseline 0.001 -14"><span class='ocrx_word' id='word_1_103' title='bbox 99 1424 344 1467; x_wconf 89' lang='lat' dir='ltr'><strong>possumus</strong></span> <span class='ocrx_word' id='word_1_104' title='bbox 389 1425 565 1455; x_wconf 89' lang='lat' dir='ltr'><strong>coenam</strong></span> <span class='ocrx_word' id='word_1_105' title='bbox 600 1410 695 1455; x_wconf 90' lang='lat' dir='ltr'><strong>Dei</strong></span> <span class='ocrx_word' id='word_1_106' title='bbox 727 1411 869 1455; x_wconf 85' lang='lat' dir='ltr'><strong>edere</strong></span> <span class='ocrx_word' id='word_1_107' title='bbox 908 1415 958 1455; x_wconf 87' lang='lat' dir='ltr'><strong>et</strong></span> <span class='ocrx_word' id='word_1_108' title='bbox 988 1425 1166 1455; x_wconf 78' lang='lat' dir='ltr'><strong>coenam</strong></span> <span class='ocrx_word' id='word_1_109' title='bbox 1199 1410 1450 1455; x_wconf 76' lang='lat' dir='ltr'><strong>daemonio·</strong></span> <span class='ocrx_word' id='word_1_110' title='bbox 1467 1422 1554 1449; x_wconf 86' lang='lat' dir='ltr'><strong>100r-</strong></span> <span class='ocrx_word' id='word_1_111' title='bbox 1570 1422 1647 1448; x_wconf 87' lang='lat' dir='ltr'>x-21-</span> 
     </span>
    </p>
   </div>
   <div class='ocr_carea' id='block_1_7' title="bbox 97 1486 1449 1701">
    <p class='ocr_par' dir='ltr' id='par_1_7' title="bbox 97 1486 1449 1701">
     <span class='ocr_line' id='line_1_18' title="bbox 99 1486 1449 1545; baseline 0.002 -15"><span class='ocrx_word' id='word_1_112' title='bbox 99 1502 216 1532; x_wconf 87' lang='lat' dir='ltr'><strong>rum.</strong></span> <span class='ocrx_word' id='word_1_113' title='bbox 281 1488 330 1532; x_wconf 86' lang='lat' dir='ltr'><strong>Si</strong></span> <span class='ocrx_word' id='word_1_114' title='bbox 357 1503 472 1545; x_wconf 87' lang='lat' dir='ltr'><strong>ergo</strong></span> <span class='ocrx_word' id='word_1_115' title='bbox 493 1488 651 1545; x_wconf 84' lang='lat' dir='ltr'><strong>gulam</strong></span> <span class='ocrx_word' id='word_1_116' title='bbox 685 1492 734 1532; x_wconf 92' lang='lat' dir='ltr'><strong>et</strong></span> <span class='ocrx_word' id='word_1_117' title='bbox 759 1486 1060 1532; x_wconf 71' lang='lat' dir='ltr'><strong>ventrem&#39;ab</strong></span> <span class='ocrx_word' id='word_1_118' title='bbox 1089 1488 1449 1543; x_wconf 86' lang='lat' dir='ltr'><strong>inquinamentis</strong></span> 
     </span>
     <span class='ocr_line' id='line_1_19' title="bbox 97 1564 1449 1622; baseline 0.003 -14"><span class='ocrx_word' id='word_1_119' title='bbox 97 1564 360 1616; x_wconf 88' lang='lat' dir='ltr'><strong>liberamus,</strong></span> <span class='ocrx_word' id='word_1_120' title='bbox 392 1569 567 1621; x_wconf 91' lang='lat' dir='ltr'><strong>quanto</strong></span> <span class='ocrx_word' id='word_1_121' title='bbox 595 1566 743 1622; x_wconf 87' lang='lat' dir='ltr'><strong>magis</strong></span> <span class='ocrx_word' id='word_1_122' title='bbox 778 1566 1048 1622; x_wconf 88' lang='lat' dir='ltr'><strong>augustiora</strong></span> <span class='ocrx_word' id='word_1_123' title='bbox 1081 1570 1254 1617; x_wconf 89' lang='lat' dir='ltr'><strong>nostra,</strong></span> <span class='ocrx_word' id='word_1_124' title='bbox 1290 1568 1449 1612; x_wconf 87' lang='lat' dir='ltr'><strong>oculos</strong></span> 
     </span>
     <span class='ocr_line' id='line_1_20' title="bbox 99 1644 1447 1701; baseline 0.002 -14"><span class='ocrx_word' id='word_1_125' title='bbox 99 1647 150 1688; x_wconf 88' lang='lat' dir='ltr'><strong>et</strong></span> <span class='ocrx_word' id='word_1_126' title='bbox 172 1658 321 1695; x_wconf 88' lang='lat' dir='ltr'><strong>aures,</strong></span> <span class='ocrx_word' id='word_1_127' title='bbox 345 1644 405 1687; x_wconf 88' lang='lat' dir='ltr'><strong>ab</strong></span> <span class='ocrx_word' id='word_1_128' title='bbox 428 1644 702 1701; x_wconf 84' lang='lat' dir='ltr'><strong>idolothytis</strong></span> <span class='ocrx_word' id='word_1_129' title='bbox 737 1648 787 1688; x_wconf 88' lang='lat' dir='ltr'><strong>et</strong></span> <span class='ocrx_word' id='word_1_130' title='bbox 815 1644 1104 1701; x_wconf 84' lang='lat' dir='ltr'><strong>necrothytis</strong></span> <span class='ocrx_word' id='word_1_131' title='bbox 1131 1644 1447 1701; x_wconf 89' lang='lat' dir='ltr'><strong>voluptatibus</strong></span> 
     </span>
    </p>
   </div>
   <div class='ocr_carea' id='block_1_8' title="bbox 69 1748 740 2790">
    <p class='ocr_par' dir='ltr' id='par_1_8' title="bbox 90 1748 740 2246">
     <span class='ocr_line' id='line_1_21' title="bbox 159 1748 735 1791; baseline 0.003 -11"><span class='ocrx_word' id='word_1_132' title='bbox 159 1748 187 1768; x_wconf 86' lang='lat'><strong>¹⁴</strong></span> <span class='ocrx_word' id='word_1_133' title='bbox 226 1749 372 1790; x_wconf 71' lang='lat' dir='ltr'><strong>templum</strong></span> <span class='ocrx_word' id='word_1_134' title='bbox 411 1753 466 1781; x_wconf 69' lang='lat' dir='ltr'><strong>est.</strong></span> <span class='ocrx_word' id='word_1_135' title='bbox 519 1751 648 1791; x_wconf 82' lang='lat' dir='ltr'><strong>Lipsius</strong></span> <span class='ocrx_word' id='word_1_136' title='bbox 682 1751 735 1791; x_wconf 83' lang='lat' dir='ltr'><strong>(de</strong></span> 
     </span>
     <span class='ocr_line' id='line_1_22' title="bbox 97 1798 737 1840; baseline 0.003 -10"><span class='ocrx_word' id='word_1_137' title='bbox 97 1798 224 1840; x_wconf 81' lang='lat' dir='ltr'><strong>Amph.</strong></span> <span class='ocrx_word' id='word_1_138' title='bbox 257 1809 287 1831; x_wconf 87' lang='lat' dir='ltr'><strong>c.</strong></span> <span class='ocrx_word' id='word_1_139' title='bbox 318 1800 360 1839; x_wconf 86' lang='grc'><strong>3,)</strong></span> <span class='ocrx_word' id='word_1_140' title='bbox 397 1801 558 1840; x_wconf 81' lang='lat' dir='ltr'><strong>proposed</strong></span> <span class='ocrx_word' id='word_1_141' title='bbox 591 1804 626 1832; x_wconf 90' lang='lat' dir='ltr'><strong>to</strong></span> <span class='ocrx_word' id='word_1_142' title='bbox 659 1802 737 1832; x_wconf 83' lang='lat' dir='ltr'><strong>read</strong></span> 
     </span>
     <span class='ocr_line' id='line_1_23' title="bbox 98 1849 737 1890; baseline 0.002 -10"><span class='ocrx_word' id='word_1_143' title='bbox 98 1859 189 1890; x_wconf 75' lang='lat' dir='ltr'><strong>quem</strong></span> <span class='ocrx_word' id='word_1_144' title='bbox 215 1849 420 1889; x_wconf 75' lang='lat' dir='ltr'><strong>Capitolium.</strong></span> <span class='ocrx_word' id='word_1_145' title='bbox 460 1851 604 1881; x_wconf 80' lang='lat' dir='ltr'><strong>Omnium</strong></span> <span class='ocrx_word' id='word_1_146' title='bbox 626 1851 737 1882; x_wconf 80' lang='lat' dir='ltr'><strong>daemo·</strong></span> 
     </span>
     <span class='ocr_line' id='line_1_24' title="bbox 97 1900 740 1939; baseline 0.002 -9"><span class='ocrx_word' id='word_1_147' title='bbox 97 1908 172 1931; x_wconf 67' lang='lat' dir='ltr'><strong>num</strong></span> <span class='ocrx_word' id='word_1_148' title='bbox 184 1900 330 1939; x_wconf 76' lang='lat' dir='ltr'><strong>templum</strong></span> <span class='ocrx_word' id='word_1_149' title='bbox 348 1903 416 1937; x_wconf 57' lang='grc' dir='ltr'><strong>αἱς</strong></span> <span class='ocrx_word' id='word_1_150' title='bbox 436 1901 500 1931; x_wconf 78' lang='lat' dir='ltr'><strong>and</strong></span> <span class='ocrx_word' id='word_1_151' title='bbox 517 1901 689 1939; x_wconf 76' lang='lat' dir='ltr'><strong>Heraldns,</strong></span> <span class='ocrx_word' id='word_1_152' title='bbox 705 1904 740 1931; x_wconf 91' lang='lat' dir='ltr'><strong>to</strong></span> 
     </span>
     <span class='ocr_line' id='line_1_25' title="bbox 99 1949 740 1991; baseline 0.003 -11"><span class='ocrx_word' id='word_1_153' title='bbox 99 1949 180 1981; x_wconf 83' lang='lat' dir='ltr'><strong>omit</strong></span> <span class='ocrx_word' id='word_1_154' title='bbox 192 1954 248 1982; x_wconf 73' lang='lat' dir='ltr'><strong>m.</strong></span> <span class='ocrx_word' id='word_1_155' title='bbox 291 1950 412 1981; x_wconf 80' lang='lat' dir='ltr'><strong>Oehler</strong></span> <span class='ocrx_word' id='word_1_156' title='bbox 428 1951 573 1991; x_wconf 81' lang='lat' dir='ltr'><strong>explains</strong></span> <span class='ocrx_word' id='word_1_157' title='bbox 594 1952 649 1982; x_wconf 86' lang='lat' dir='ltr'><strong>the</strong></span> <span class='ocrx_word' id='word_1_158' title='bbox 670 1955 740 1982; x_wconf 84' lang='lat' dir='ltr'><strong>text</strong></span> 
     </span>
     <span class='ocr_line' id='line_1_26' title="bbox 98 1999 740 2041; baseline 0.002 -11"><span class='ocrx_word' id='word_1_159' title='bbox 98 1999 141 2040; x_wconf 74' lang='lat' dir='ltr'><strong>by</strong></span> <span class='ocrx_word' id='word_1_160' title='bbox 153 2000 327 2041; x_wconf 78' lang='lat' dir='ltr'><strong>supplying</strong></span> <span class='ocrx_word' id='word_1_161' title='bbox 344 2004 556 2031; x_wconf 76' lang='lat' dir='ltr'><strong>consecratum</strong></span> <span class='ocrx_word' id='word_1_162' title='bbox 568 2001 650 2031; x_wconf 85' lang='lat' dir='ltr'><strong>from</strong></span> <span class='ocrx_word' id='word_1_163' title='bbox 666 2010 740 2031; x_wconf 84' lang='lat' dir='ltr'><strong>con-</strong></span> 
     </span>
     <span class='ocr_line' id='line_1_27' title="bbox 97 2050 739 2091; baseline 0.002 -11"><span class='ocrx_word' id='word_1_164' title='bbox 97 2053 251 2081; x_wconf 69' lang='lat' dir='ltr'><strong>eecratur.</strong></span> <span class='ocrx_word' id='word_1_165' title='bbox 292 2050 566 2090; x_wconf 72' lang='lat' dir='ltr'><strong>Amphitheamm</strong></span> <span class='ocrx_word' id='word_1_166' title='bbox 595 2052 739 2091; x_wconf 76' lang='lat' dir='ltr'><strong>asperio-</strong></span> 
     </span>
     <span class='ocr_line' id='line_1_28' title="bbox 97 2100 740 2141; baseline 0.002 -11"><span class='ocrx_word' id='word_1_167' title='bbox 97 2100 188 2131; x_wconf 74' lang='lat' dir='ltr'><strong>ribus</strong></span> <span class='ocrx_word' id='word_1_168' title='bbox 212 2101 389 2132; x_wconf 71' lang='lat' dir='ltr'><strong>nominihus</strong></span> <span class='ocrx_word' id='word_1_169' title='bbox 409 2104 623 2138; x_wconf 72' lang='lat' dir='ltr'><strong>consecratur,</strong></span> <span class='ocrx_word' id='word_1_170' title='bbox 645 2111 740 2141; x_wconf 80' lang='lat' dir='ltr'><strong>quam</strong></span> 
     </span>
     <span class='ocr_line' id='line_1_29' title="bbox 99 2149 740 2190; baseline 0 -8"><span class='ocrx_word' id='word_1_171' title='bbox 99 2149 304 2190; x_wconf 77' lang='lat' dir='ltr'><strong>Capitolium,</strong></span> <span class='ocrx_word' id='word_1_172' title='bbox 318 2153 454 2183; x_wconf 80' lang='lat' dir='ltr'><strong>omnium</strong></span> <span class='ocrx_word' id='word_1_173' title='bbox 474 2153 646 2184; x_wconf 84' lang='lat' dir='ltr'><strong>doemonum</strong></span> <span class='ocrx_word' id='word_1_174' title='bbox 666 2155 740 2183; x_wconf 76' lang='lat' dir='ltr'><strong>tem-</strong></span> 
     </span>
     <span class='ocr_line' id='line_1_30' title="bbox 90 2201 486 2246; baseline 0.005 -14"><span class='ocrx_word' id='word_1_175' title='bbox 90 2201 193 2242; x_wconf 74' lang='lat' dir='ltr'><strong>plum,</strong></span> <span class='ocrx_word' id='word_1_176' title='bbox 207 2205 419 2246; x_wconf 70' lang='lat' dir='ltr'><strong>consecratum</strong></span> <span class='ocrx_word' id='word_1_177' title='bbox 432 2206 486 2234; x_wconf 75' lang='lat' dir='ltr'><strong>est.</strong></span> 
     </span>
    </p>

    <p class='ocr_par' dir='ltr' id='par_1_9' title="bbox 95 2252 740 2546">
     <span class='ocr_line' id='line_1_31' title="bbox 159 2252 740 2286; baseline 0.003 -3"><span class='ocrx_word' id='word_1_178' title='bbox 159 2252 186 2272; x_wconf 74' lang='lat'><strong>¹⁵</strong></span> <span class='ocrx_word' id='word_1_179' title='bbox 211 2253 352 2284; x_wconf 77' lang='lat' dir='ltr'><strong>Martem</strong></span> <span class='ocrx_word' id='word_1_180' title='bbox 382 2258 413 2285; x_wconf 77' lang='lat' dir='ltr'><strong>et</strong></span> <span class='ocrx_word' id='word_1_181' title='bbox 444 2254 602 2286; x_wconf 81' lang='lat' dir='ltr'><strong>Dianam.</strong></span> <span class='ocrx_word' id='word_1_182' title='bbox 651 2255 740 2285; x_wconf 77' lang='lat' dir='ltr'><strong>Mars</strong></span> 
     </span>
     <span class='ocr_line' id='line_1_32' title="bbox 97 2303 740 2345; baseline 0.006 -13"><span class='ocrx_word' id='word_1_183' title='bbox 97 2303 264 2343; x_wconf 77' lang='lat' dir='ltr'><strong>presiding</strong></span> <span class='ocrx_word' id='word_1_184' title='bbox 273 2312 349 2334; x_wconf 86' lang='lat' dir='ltr'><strong>over</strong></span> <span class='ocrx_word' id='word_1_185' title='bbox 356 2305 413 2335; x_wconf 81' lang='lat' dir='ltr'><strong>the</strong></span> <span class='ocrx_word' id='word_1_186' title='bbox 422 2305 740 2345; x_wconf 74' lang='lat' dir='ltr'><strong>91adiatores,Diana</strong></span> 
     </span>
     <span class='ocr_line' id='line_1_33' title="bbox 95 2353 740 2395; baseline 0.005 -12"><span class='ocrx_word' id='word_1_187' title='bbox 95 2361 175 2384; x_wconf 80' lang='lat' dir='ltr'><strong>over</strong></span> <span class='ocrx_word' id='word_1_188' title='bbox 186 2353 243 2384; x_wconf 84' lang='lat' dir='ltr'><strong>the</strong></span> <span class='ocrx_word' id='word_1_189' title='bbox 253 2356 423 2385; x_wconf 74' lang='lat' dir='ltr'><strong>venatores.</strong></span> <span class='ocrx_word' id='word_1_190' title='bbox 452 2355 550 2386; x_wconf 77' lang='lat' dir='ltr'><strong>Mart.</strong></span> <span class='ocrx_word' id='word_1_191' title='bbox 564 2355 615 2386; x_wconf 83' lang='lat' dir='ltr'><strong>De</strong></span> <span class='ocrx_word' id='word_1_192' title='bbox 631 2356 740 2395; x_wconf 84' lang='lat' dir='ltr'><strong>Spect.</strong></span> 
     </span>
     <span class='ocr_line' id='line_1_34' title="bbox 99 2404 739 2437; baseline 0.002 -2"><span class='ocrx_word' id='word_1_193' title='bbox 99 2413 152 2437; x_wconf 78' lang='lat'><strong>12:</strong></span> <span class='ocrx_word' id='word_1_194' title='bbox 172 2404 263 2436; x_wconf 77' lang='lat' dir='ltr'><strong>Inter</strong></span> <span class='ocrx_word' id='word_1_195' title='bbox 280 2405 430 2436; x_wconf 79' lang='lat' dir='ltr'><strong>Caemreoe</strong></span> <span class='ocrx_word' id='word_1_196' title='bbox 450 2405 638 2436; x_wconf 75' lang='lat' dir='ltr'><strong>discrimina</strong></span> <span class='ocrx_word' id='word_1_197' title='bbox 653 2415 739 2436; x_wconf 74' lang='lat' dir='ltr'><strong>soeva</strong></span> 
     </span>
     <span class='ocr_line' id='line_1_35' title="bbox 97 2455 740 2494; baseline 0 -7"><span class='ocrx_word' id='word_1_198' title='bbox 97 2455 226 2487; x_wconf 67' lang='lat' dir='ltr'><strong>Diam.</strong></span> <span class='ocrx_word' id='word_1_199' title='bbox 244 2456 465 2492; x_wconf 81' lang='lat' dir='ltr'><strong>Cassiodorus,</strong></span> <span class='ocrx_word' id='word_1_200' title='bbox 486 2456 563 2487; x_wconf 72' lang='lat' dir='ltr'><strong>Var.</strong></span> <span class='ocrx_word' id='word_1_201' title='bbox 577 2465 611 2488; x_wconf 83' lang='lat' dir='ltr'><strong>v.</strong></span> <span class='ocrx_word' id='word_1_202' title='bbox 632 2466 684 2494; x_wconf 80' lang='lat'><strong>42:</strong></span> <span class='ocrx_word' id='word_1_203' title='bbox 706 2458 740 2487; x_wconf 81' lang='lat' dir='ltr'><strong>iu</strong></span> 
     </span>
     <span class='ocr_line' id='line_1_36' title="bbox 98 2500 531 2546; baseline 0 -10"><span class='ocrx_word' id='word_1_204' title='bbox 98 2500 218 2537; x_wconf 65' lang='lat' dir='ltr'><strong>honere</strong></span> <span class='ocrx_word' id='word_1_205' title='bbox 232 2506 388 2546; x_wconf 74' lang='lat' dir='ltr'><strong>Scythica·</strong></span> <span class='ocrx_word' id='word_1_206' title='bbox 400 2506 531 2537; x_wconf 75' lang='lat' dir='ltr'><strong>Dianoe.</strong></span> 
     </span>
    </p>

    <p class='ocr_par' dir='ltr' id='par_1_10' title="bbox 94 2555 739 2646">
     <span class='ocr_line' id='line_1_37' title="bbox 158 2555 739 2596; baseline 0 -8"><span class='ocrx_word' id='word_1_207' title='bbox 158 2555 217 2588; x_wconf 86' lang='lat' dir='ltr'><strong>Ch.</strong></span> <span class='ocrx_word' id='word_1_208' title='bbox 236 2557 339 2586; x_wconf 88' lang='lat' dir='ltr'><strong>XIII.</strong></span> <span class='ocrx_word' id='word_1_209' title='bbox 382 2555 391 2574; x_wconf 90' lang='lat'>¹</span> <span class='ocrx_word' id='word_1_210' title='bbox 413 2557 574 2596; x_wconf 58' lang='lat' dir='ltr'><strong>artificii&amp;</strong></span> <span class='ocrx_word' id='word_1_211' title='bbox 615 2557 694 2588; x_wconf 85' lang='lat' dir='ltr'><strong>This</strong></span> <span class='ocrx_word' id='word_1_212' title='bbox 712 2557 739 2588; x_wconf 80' lang='lat' dir='ltr'><strong>is</strong></span> 
     </span>
     <span class='ocr_line' id='line_1_38' title="bbox 94 2606 738 2646; baseline 0.002 -10"><span class='ocrx_word' id='word_1_213' title='bbox 94 2614 118 2637; x_wconf 70' lang='grc' dir='ltr'>ι</span> <span class='ocrx_word' id='word_1_214' title='bbox 145 2606 329 2646; x_wconf 84' lang='lat' dir='ltr'><strong>conjecture</strong></span> <span class='ocrx_word' id='word_1_215' title='bbox 351 2607 388 2636; x_wconf 82' lang='lat' dir='ltr'><strong>of</strong></span> <span class='ocrx_word' id='word_1_216' title='bbox 405 2606 452 2636; x_wconf 72' lang='lat' dir='ltr'><strong>La</strong></span> <span class='ocrx_word' id='word_1_217' title='bbox 478 2607 583 2637; x_wconf 74' lang='lat' dir='ltr'><strong>Cet-da</strong></span> <span class='ocrx_word' id='word_1_218' title='bbox 606 2607 658 2637; x_wconf 82' lang='lat' dir='ltr'><strong>for</strong></span> <span class='ocrx_word' id='word_1_219' title='bbox 682 2608 738 2638; x_wconf 81' lang='lat' dir='ltr'><strong>the</strong></span> 
     </span>
    </p>

    <p class='ocr_par' dir='ltr' id='par_1_11' title="bbox 69 2655 739 2697">
     <span class='ocr_line' id='line_1_39' title="bbox 69 2655 739 2697; baseline 0.006 -13"><span class='ocrx_word' id='word_1_220' title='bbox 69 2692 72 2694; x_wconf 18' lang='lat' dir='ltr'>v</span> <span class='ocrx_word' id='word_1_221' title='bbox 96 2655 232 2695; x_wconf 72' lang='lat' dir='ltr'><strong>reading</strong></span> <span class='ocrx_word' id='word_1_222' title='bbox 262 2656 299 2686; x_wconf 88' lang='lat' dir='ltr'><strong>of</strong></span> <span class='ocrx_word' id='word_1_223' title='bbox 328 2656 385 2686; x_wconf 78' lang='lat' dir='ltr'><strong>the</strong></span> <span class='ocrx_word' id='word_1_224' title='bbox 421 2657 527 2692; x_wconf 67' lang='lat' dir='ltr'>MSS„</span> <span class='ocrx_word' id='word_1_225' title='bbox 556 2657 739 2697; x_wconf 56' lang='lat' dir='ltr'><strong>sacrificiis,</strong></span> 
     </span>
    </p>

    <p class='ocr_par' dir='ltr' id='par_1_12' title="bbox 94 2705 737 2790">
     <span class='ocr_line' id='line_1_40' title="bbox 95 2705 737 2747; baseline 0.005 -12"><span class='ocrx_word' id='word_1_226' title='bbox 95 2705 238 2745; x_wconf 59' lang='lat' dir='ltr'><strong>adopted</strong></span> <span class='ocrx_word' id='word_1_227' title='bbox 247 2706 288 2746; x_wconf 85' lang='lat' dir='ltr'><strong>by</strong></span> <span class='ocrx_word' id='word_1_228' title='bbox 299 2707 429 2744; x_wconf 85' lang='lat' dir='ltr'><strong>Oehler,</strong></span> <span class='ocrx_word' id='word_1_229' title='bbox 441 2707 513 2737; x_wconf 87' lang='lat' dir='ltr'><strong>who</strong></span> <span class='ocrx_word' id='word_1_230' title='bbox 526 2707 582 2737; x_wconf 81' lang='lat' dir='ltr'><strong>has</strong></span> <span class='ocrx_word' id='word_1_231' title='bbox 591 2708 737 2747; x_wconf 80' lang='lat' dir='ltr'><strong>changed</strong></span> 
     </span>
     <span class='ocr_line' id='line_1_41' title="bbox 94 2755 403 2790; baseline 0 -4"><span class='ocrx_word' id='word_1_232' title='bbox 94 2763 201 2786; x_wconf 72' lang='lat' dir='ltr'><strong>eumue</strong></span> <span class='ocrx_word' id='word_1_233' title='bbox 213 2755 282 2786; x_wconf 89' lang='lat' dir='ltr'><strong>into</strong></span> <span class='ocrx_word' id='word_1_234' title='bbox 294 2755 403 2790; x_wconf 71' lang='lat' dir='ltr'><strong>simus.</strong></span> 
     </span>
    </p>
   </div>
   <div class='ocr_carea' id='block_1_9' title="bbox 864 1751 1446 1792">
    <p class='ocr_par' dir='ltr' id='par_1_13' title="bbox 864 1751 1446 1792">
     <span class='ocr_line' id='line_1_42' title="bbox 864 1751 1446 1792; baseline 0.002 -11"><span class='ocrx_word' id='word_1_235' title='bbox 864 1751 879 1770; x_wconf 77' lang='lat'>²</span> <span class='ocrx_word' id='word_1_236' title='bbox 898 1752 954 1792; x_wconf 78' lang='lat' dir='ltr'><strong>qui</strong></span> <span class='ocrx_word' id='word_1_237' title='bbox 969 1752 1018 1782; x_wconf 85' lang='lat' dir='ltr'><strong>bis</strong></span> <span class='ocrx_word' id='word_1_238' title='bbox 1038 1751 1144 1783; x_wconf 78' lang='lat' dir='ltr'><strong>idolis.</strong></span> <span class='ocrx_word' id='word_1_239' title='bbox 1175 1752 1305 1792; x_wconf 83' lang='lat' dir='ltr'><strong>Gangn.</strong></span> <span class='ocrx_word' id='word_1_240' title='bbox 1323 1753 1446 1792; x_wconf 79' lang='lat' dir='ltr'><strong>quibus.</strong></span> 
     </span>
    </p>
   </div>
   <div class='ocr_carea' id='block_1_10' title="bbox 786 1802 1445 1843">
    <p class='ocr_par' dir='ltr' id='par_1_14' title="bbox 786 1802 1445 1843">
     <span class='ocr_line' id='line_1_43' title="bbox 786 1802 1445 1843; baseline 0.003 -11"><span class='ocrx_word' id='word_1_241' title='bbox 786 1802 1061 1842; x_wconf 80' lang='lat' dir='ltr'><strong>,Cod.Ag.,Ge1.</strong></span> <span class='ocrx_word' id='word_1_242' title='bbox 1076 1803 1140 1833; x_wconf 84' lang='lat' dir='ltr'><strong>and</strong></span> <span class='ocrx_word' id='word_1_243' title='bbox 1152 1803 1272 1834; x_wconf 82' lang='lat' dir='ltr'><strong>Pamel.</strong></span> <span class='ocrx_word' id='word_1_244' title='bbox 1286 1804 1352 1843; x_wconf 83' lang='lat' dir='ltr'><strong>qui.</strong></span> <span class='ocrx_word' id='word_1_245' title='bbox 1375 1804 1445 1834; x_wconf 84' lang='lat' dir='ltr'><strong>The</strong></span> 
     </span>
    </p>
   </div>
   <div class='ocr_carea' id='block_1_11' title="bbox 798 1853 1451 2801">
    <p class='ocr_par' dir='ltr' id='par_1_15' title="bbox 806 1853 1451 1942">
     <span class='ocr_line' id='line_1_44' title="bbox 806 1853 1451 1893; baseline 0.003 -11"><span class='ocrx_word' id='word_1_246' title='bbox 806 1853 940 1893; x_wconf 82' lang='lat' dir='ltr'><strong>reading</strong></span> <span class='ocrx_word' id='word_1_247' title='bbox 966 1854 999 1883; x_wconf 90' lang='lat' dir='ltr'><strong>in</strong></span> <span class='ocrx_word' id='word_1_248' title='bbox 1026 1854 1085 1888; x_wconf 72' lang='lat' dir='ltr'><strong>the</strong></span> <span class='ocrx_word' id='word_1_249' title='bbox 1109 1856 1180 1884; x_wconf 84' lang='lat' dir='ltr'><strong>text</strong></span> <span class='ocrx_word' id='word_1_250' title='bbox 1206 1854 1233 1883; x_wconf 85' lang='lat' dir='ltr'><strong>is</strong></span> <span class='ocrx_word' id='word_1_251' title='bbox 1259 1863 1279 1883; x_wconf 84' lang='lat' dir='ltr'><strong>a</strong></span> <span class='ocrx_word' id='word_1_252' title='bbox 1301 1854 1384 1893; x_wconf 88' lang='lat' dir='ltr'><strong>conj.</strong></span> <span class='ocrx_word' id='word_1_253' title='bbox 1414 1855 1451 1884; x_wconf 83' lang='lat' dir='ltr'><strong>of</strong></span> 
     </span>
     <span class='ocr_line' id='line_1_45' title="bbox 807 1903 1384 1942; baseline 0.002 -9"><span class='ocrx_word' id='word_1_254' title='bbox 807 1903 954 1934; x_wconf 83' lang='lat' dir='ltr'><strong>Ursinus.</strong></span> <span class='ocrx_word' id='word_1_255' title='bbox 977 1903 1094 1942; x_wconf 89' lang='lat' dir='ltr'><strong>Comp.</strong></span> <span class='ocrx_word' id='word_1_256' title='bbox 1108 1903 1160 1933; x_wconf 92' lang='lat' dir='ltr'><strong>De</strong></span> <span class='ocrx_word' id='word_1_257' title='bbox 1177 1903 1295 1934; x_wconf 88' lang='lat' dir='ltr'><strong>Coron.</strong></span> <span class='ocrx_word' id='word_1_258' title='bbox 1310 1913 1338 1934; x_wconf 87' lang='lat' dir='ltr'><strong>c.</strong></span> <span class='ocrx_word' id='word_1_259' title='bbox 1355 1914 1384 1942; x_wconf 88' lang='lat'><strong>3.</strong></span> 
     </span>
    </p>

    <p class='ocr_par' dir='ltr' id='par_1_16' title="bbox 805 1952 1449 2187">
     <span class='ocr_line' id='line_1_46' title="bbox 865 1952 1448 1993; baseline 0.005 -11"><span class='ocrx_word' id='word_1_260' title='bbox 865 1952 880 1971; x_wconf 81' lang='lat'><strong>⁸</strong></span> <span class='ocrx_word' id='word_1_261' title='bbox 897 1956 1032 1993; x_wconf 82' lang='lat' dir='ltr'><strong>utraque</strong></span> <span class='ocrx_word' id='word_1_262' title='bbox 1045 1953 1245 1984; x_wconf 83' lang='lat' dir='ltr'><strong>idololatria.</strong></span> <span class='ocrx_word' id='word_1_263' title='bbox 1268 1953 1383 1992; x_wconf 88' lang='lat' dir='ltr'><strong>Comp.</strong></span> <span class='ocrx_word' id='word_1_264' title='bbox 1395 1954 1448 1985; x_wconf 80' lang='lat' dir='ltr'><strong>De</strong></span> 
     </span>
     <span class='ocr_line' id='line_1_47' title="bbox 809 2003 1447 2042; baseline 0.003 -9"><span class='ocrx_word' id='word_1_265' title='bbox 809 2003 886 2034; x_wconf 90' lang='lat' dir='ltr'><strong>Cor.</strong></span> <span class='ocrx_word' id='word_1_266' title='bbox 901 2013 928 2033; x_wconf 86' lang='lat' dir='ltr'><strong>c.</strong></span> <span class='ocrx_word' id='word_1_267' title='bbox 945 2013 997 2033; x_wconf 93' lang='lat'><strong>10:</strong></span> <span class='ocrx_word' id='word_1_268' title='bbox 1018 2006 1048 2033; x_wconf 77' lang='lat' dir='ltr'><strong>et</strong></span> <span class='ocrx_word' id='word_1_269' title='bbox 1060 2003 1124 2042; x_wconf 71' lang='lat' dir='ltr'><strong>ipsi</strong></span> <span class='ocrx_word' id='word_1_270' title='bbox 1138 2003 1195 2042; x_wconf 89' lang='lat' dir='ltr'><strong>(sc.</strong></span> <span class='ocrx_word' id='word_1_271' title='bbox 1210 2004 1342 2041; x_wconf 80' lang='lat' dir='ltr'><strong>mortui)</strong></span> <span class='ocrx_word' id='word_1_272' title='bbox 1356 2004 1447 2035; x_wconf 80' lang='lat' dir='ltr'><strong>idola</strong></span> 
     </span>
     <span class='ocr_line' id='line_1_48' title="bbox 805 2053 1447 2093; baseline 0.002 -9"><span class='ocrx_word' id='word_1_273' title='bbox 805 2055 914 2084; x_wconf 76' lang='lat' dir='ltr'><strong>statim</strong></span> <span class='ocrx_word' id='word_1_274' title='bbox 923 2055 1012 2093; x_wconf 77' lang='lat' dir='ltr'><strong>fiunt</strong></span> <span class='ocrx_word' id='word_1_275' title='bbox 1030 2058 1059 2084; x_wconf 75' lang='lat' dir='ltr'><strong>et</strong></span> <span class='ocrx_word' id='word_1_276' title='bbox 1073 2055 1182 2085; x_wconf 74' lang='lat' dir='ltr'><strong>habitu</strong></span> <span class='ocrx_word' id='word_1_277' title='bbox 1192 2053 1228 2085; x_wconf 65' lang='lat' dir='ltr'><strong>&#39;et</strong></span> <span class='ocrx_word' id='word_1_278' title='bbox 1242 2054 1327 2084; x_wconf 79' lang='lat' dir='ltr'><strong>cultu</strong></span> <span class='ocrx_word' id='word_1_279' title='bbox 1340 2064 1447 2086; x_wconf 76' lang='lat' dir='ltr'><strong>conse-</strong></span> 
     </span>
     <span class='ocr_line' id='line_1_49' title="bbox 806 2105 1449 2145; baseline 0.002 -10"><span class='ocrx_word' id='word_1_280' title='bbox 806 2106 972 2141; x_wconf 74' lang='lat' dir='ltr'><strong>crationis,</strong></span> <span class='ocrx_word' id='word_1_281' title='bbox 1007 2115 1073 2145; x_wconf 79' lang='lat' dir='ltr'><strong>quoe</strong></span> <span class='ocrx_word' id='word_1_282' title='bbox 1107 2105 1197 2144; x_wconf 85' lang='lat' dir='ltr'><strong>apud</strong></span> <span class='ocrx_word' id='word_1_283' title='bbox 1222 2115 1279 2136; x_wconf 71' lang='lat' dir='ltr'><strong>nos</strong></span> <span class='ocrx_word' id='word_1_284' title='bbox 1311 2105 1449 2136; x_wconf 76' lang='lat' dir='ltr'><strong>secunda</strong></span> 
     </span>
     <span class='ocr_line' id='line_1_50' title="bbox 806 2155 1072 2187; baseline 0.008 -2"><span class='ocrx_word' id='word_1_285' title='bbox 806 2155 996 2186; x_wconf 75' lang='lat' dir='ltr'><strong>idololatria</strong></span> <span class='ocrx_word' id='word_1_286' title='bbox 1016 2159 1072 2187; x_wconf 70' lang='lat' dir='ltr'><strong>est.</strong></span> 
     </span>
    </p>

    <p class='ocr_par' dir='ltr' id='par_1_17' title="bbox 798 2205 1448 2648">
     <span class='ocr_line' id='line_1_51' title="bbox 866 2205 1445 2245; baseline 0.002 -9"><span class='ocrx_word' id='word_1_287' title='bbox 866 2205 881 2224; x_wconf 80' lang='lat'><strong>⁴</strong></span> <span class='ocrx_word' id='word_1_288' title='bbox 903 2206 1029 2245; x_wconf 78' lang='lat' dir='ltr'><strong>templa.</strong></span> <span class='ocrx_word' id='word_1_289' title='bbox 1060 2205 1181 2237; x_wconf 84' lang='lat' dir='ltr'><strong>Oehler</strong></span> <span class='ocrx_word' id='word_1_290' title='bbox 1213 2208 1329 2245; x_wconf 79' lang='lat' dir='ltr'><strong>quotes</strong></span> <span class='ocrx_word' id='word_1_291' title='bbox 1363 2207 1445 2237; x_wconf 87' lang='lat' dir='ltr'><strong>Min.</strong></span> 
     </span>
     <span class='ocr_line' id='line_1_52' title="bbox 806 2256 1446 2298; baseline 0 -11"><span class='ocrx_word' id='word_1_292' title='bbox 806 2257 873 2288; x_wconf 89' lang='lat' dir='ltr'><strong>Fel.</strong></span> <span class='ocrx_word' id='word_1_293' title='bbox 883 2266 911 2287; x_wconf 89' lang='lat' dir='ltr'><strong>c.</strong></span> <span class='ocrx_word' id='word_1_294' title='bbox 922 2259 954 2287; x_wconf 87' lang='lat'><strong>8:</strong></span> <span class='ocrx_word' id='word_1_295' title='bbox 969 2257 1085 2296; x_wconf 78' lang='lat' dir='ltr'><strong>templa</strong></span> <span class='ocrx_word' id='word_1_296' title='bbox 1097 2260 1131 2287; x_wconf 73' lang='lat' dir='ltr'><strong>ut</strong></span> <span class='ocrx_word' id='word_1_297' title='bbox 1141 2257 1233 2287; x_wconf 77' lang='lat' dir='ltr'><strong>busta</strong></span> <span class='ocrx_word' id='word_1_298' title='bbox 1245 2256 1446 2298; x_wconf 83' lang='lat' dir='ltr'><strong>(Christiani)</strong></span> 
     </span>
     <span class='ocr_line' id='line_1_53' title="bbox 805 2306 1445 2346; baseline 0.003 -10"><span class='ocrx_word' id='word_1_299' title='bbox 805 2306 993 2346; x_wconf 73' lang='lat' dir='ltr'><strong>despiciunt.</strong></span> <span class='ocrx_word' id='word_1_300' title='bbox 1016 2307 1131 2346; x_wconf 87' lang='lat' dir='ltr'><strong>Comp.</strong></span> <span class='ocrx_word' id='word_1_301' title='bbox 1140 2307 1258 2337; x_wconf 85' lang='lat' dir='ltr'><strong>Arnob.</strong></span> <span class='ocrx_word' id='word_1_302' title='bbox 1269 2307 1445 2338; x_wconf 77' lang='lat' dir='ltr'><strong>adv.Geut.</strong></span> 
     </span>
     <span class='ocr_line' id='line_1_54' title="bbox 804 2357 1448 2396; baseline 0.003 -9"><span class='ocrx_word' id='word_1_303' title='bbox 804 2365 853 2388; x_wconf 74' lang='lat' dir='ltr'><strong>w.</strong></span> <span class='ocrx_word' id='word_1_304' title='bbox 876 2367 909 2396; x_wconf 87' lang='lat' dir='ltr'><strong>p.</strong></span> <span class='ocrx_word' id='word_1_305' title='bbox 930 2367 1003 2396; x_wconf 87' lang='lat'>193:</span> <span class='ocrx_word' id='word_1_306' title='bbox 1023 2357 1079 2386; x_wconf 66' lang='lat' dir='ltr'><strong>Ea.-</strong></span> <span class='ocrx_word' id='word_1_307' title='bbox 1112 2366 1148 2387; x_wconf 81' lang='lat' dir='ltr'><strong>eo</strong></span> <span class='ocrx_word' id='word_1_308' title='bbox 1178 2366 1277 2387; x_wconf 81' lang='lat' dir='ltr'><strong>nonne</strong></span> <span class='ocrx_word' id='word_1_309' title='bbox 1299 2361 1391 2396; x_wconf 81' lang='lat' dir='ltr'><strong>patet</strong></span> <span class='ocrx_word' id='word_1_310' title='bbox 1417 2361 1448 2389; x_wconf 76' lang='lat' dir='ltr'><strong>et</strong></span> 
     </span>
     <span class='ocr_line' id='line_1_55' title="bbox 799 2408 1447 2447; baseline 0.003 -10"><span class='ocrx_word' id='word_1_311' title='bbox 799 2410 981 2447; x_wconf 69' lang='lat' dir='ltr'><strong>promptum</strong></span> <span class='ocrx_word' id='word_1_312' title='bbox 994 2411 1039 2438; x_wconf 76' lang='lat' dir='ltr'><strong>est</strong></span> <span class='ocrx_word' id='word_1_313' title='bbox 1052 2411 1108 2438; x_wconf 82' lang='lat' dir='ltr'><strong>aut</strong></span> <span class='ocrx_word' id='word_1_314' title='bbox 1116 2417 1180 2446; x_wconf 85' lang='lat' dir='ltr'><strong>pro</strong></span> <span class='ocrx_word' id='word_1_315' title='bbox 1194 2408 1274 2438; x_wconf 76' lang='lat' dir='ltr'><strong>Diis</strong></span> <span class='ocrx_word' id='word_1_316' title='bbox 1287 2409 1447 2439; x_wconf 78' lang='lat' dir='ltr'><strong>immorta-</strong></span> 
     </span>
     <span class='ocr_line' id='line_1_56' title="bbox 805 2458 1446 2496; baseline 0.003 -9"><span class='ocrx_word' id='word_1_317' title='bbox 805 2458 888 2487; x_wconf 75' lang='lat' dir='ltr'><strong>libus</strong></span> <span class='ocrx_word' id='word_1_318' title='bbox 911 2461 1049 2487; x_wconf 76' lang='lat' dir='ltr'><strong>mortuos</strong></span> <span class='ocrx_word' id='word_1_319' title='bbox 1071 2467 1127 2488; x_wconf 77' lang='lat' dir='ltr'><strong>vos</strong></span> <span class='ocrx_word' id='word_1_320' title='bbox 1148 2458 1258 2496; x_wconf 84' lang='lat' dir='ltr'><strong>colere,</strong></span> <span class='ocrx_word' id='word_1_321' title='bbox 1279 2461 1337 2489; x_wconf 75' lang='lat' dir='ltr'><strong>aut</strong></span> <span class='ocrx_word' id='word_1_322' title='bbox 1356 2459 1446 2489; x_wconf 76' lang='lat' dir='ltr'><strong>ine-z-</strong></span> 
     </span>
     <span class='ocr_line' id='line_1_57' title="bbox 798 2508 1446 2551; baseline 0.005 -14"><span class='ocrx_word' id='word_1_323' title='bbox 798 2508 954 2547; x_wconf 83' lang='lat' dir='ltr'><strong>piabilem</strong></span> <span class='ocrx_word' id='word_1_324' title='bbox 978 2508 1060 2551; x_wconf 71' lang='lat' dir='ltr'><strong>fieri</strong></span> <span class='ocrx_word' id='word_1_325' title='bbox 1090 2509 1267 2539; x_wconf 69' lang='lat' dir='ltr'><strong>numinibus</strong></span> <span class='ocrx_word' id='word_1_326' title='bbox 1294 2512 1446 2540; x_wconf 70' lang='lat' dir='ltr'><strong>contume-</strong></span> 
     </span>
     <span class='ocr_line' id='line_1_58' title="bbox 804 2557 1446 2598; baseline 0.005 -11"><span class='ocrx_word' id='word_1_327' title='bbox 804 2558 894 2597; x_wconf 84' lang='lat' dir='ltr'><strong>liam,</strong></span> <span class='ocrx_word' id='word_1_328' title='bbox 904 2567 1037 2598; x_wconf 84' lang='lat' dir='ltr'><strong>quorum</strong></span> <span class='ocrx_word' id='word_1_329' title='bbox 1047 2557 1181 2589; x_wconf 82' lang='lat' dir='ltr'><strong>delubra</strong></span> <span class='ocrx_word' id='word_1_330' title='bbox 1194 2562 1224 2589; x_wconf 83' lang='lat' dir='ltr'><strong>et</strong></span> <span class='ocrx_word' id='word_1_331' title='bbox 1237 2559 1353 2598; x_wconf 76' lang='lat' dir='ltr'><strong>templa</strong></span> <span class='ocrx_word' id='word_1_332' title='bbox 1362 2569 1446 2590; x_wconf 86' lang='lat' dir='ltr'><strong>mor-</strong></span> 
     </span>
     <span class='ocr_line' id='line_1_59' title="bbox 804 2609 1310 2648; baseline 0.004 -8"><span class='ocrx_word' id='word_1_333' title='bbox 804 2612 928 2640; x_wconf 74' lang='lat' dir='ltr'><strong>tuorum</strong></span> <span class='ocrx_word' id='word_1_334' title='bbox 941 2609 1105 2648; x_wconf 70' lang='lat' dir='ltr'><strong>superlata</strong></span> <span class='ocrx_word' id='word_1_335' title='bbox 1118 2613 1190 2640; x_wconf 72' lang='lat' dir='ltr'><strong>eunt</strong></span> <span class='ocrx_word' id='word_1_336' title='bbox 1202 2610 1310 2642; x_wconf 69' lang='lat' dir='ltr'><strong>bustis.</strong></span> 
     </span>
    </p>

    <p class='ocr_par' dir='ltr' id='par_1_18' title="bbox 804 2659 1445 2801">
     <span class='ocr_line' id='line_1_60' title="bbox 865 2659 1443 2700; baseline 0.009 -12"><span class='ocrx_word' id='word_1_337' title='bbox 865 2659 879 2677; x_wconf 85' lang='lat'><strong>⁶</strong></span> <span class='ocrx_word' id='word_1_338' title='bbox 899 2669 995 2699; x_wconf 86' lang='lat' dir='ltr'><strong>neque</strong></span> <span class='ocrx_word' id='word_1_339' title='bbox 1028 2659 1067 2690; x_wconf 82' lang='lat' dir='ltr'><strong>de</strong></span> <span class='ocrx_word' id='word_1_340' title='bbox 1098 2661 1291 2700; x_wconf 62' lang='lat' dir='ltr'><strong>sacrificato.</strong></span> <span class='ocrx_word' id='word_1_341' title='bbox 1322 2662 1443 2693; x_wconf 80' lang='lat' dir='ltr'><strong>Minue.</strong></span> 
     </span>
     <span class='ocr_line' id='line_1_61' title="bbox 804 2710 1445 2750; baseline 0.005 -10"><span class='ocrx_word' id='word_1_342' title='bbox 804 2710 873 2740; x_wconf 88' lang='lat' dir='ltr'><strong>Fel.</strong></span> <span class='ocrx_word' id='word_1_343' title='bbox 888 2719 915 2741; x_wconf 87' lang='lat' dir='ltr'><strong>c.</strong></span> <span class='ocrx_word' id='word_1_344' title='bbox 933 2720 985 2741; x_wconf 84' lang='lat'><strong>12:</strong></span> <span class='ocrx_word' id='word_1_345' title='bbox 1005 2714 1197 2750; x_wconf 71' lang='lat' dir='ltr'><strong>proecerptos</strong></span> <span class='ocrx_word' id='word_1_346' title='bbox 1218 2712 1304 2742; x_wconf 73' lang='lat' dir='ltr'><strong>cibos</strong></span> <span class='ocrx_word' id='word_1_347' title='bbox 1321 2715 1350 2742; x_wconf 75' lang='lat' dir='ltr'><strong>et</strong></span> <span class='ocrx_word' id='word_1_348' title='bbox 1366 2712 1445 2743; x_wconf 80' lang='lat' dir='ltr'><strong>deli-</strong></span> 
     </span>
     <span class='ocr_line' id='line_1_62' title="bbox 805 2759 1373 2801; baseline 0.009 -11"><span class='ocrx_word' id='word_1_349' title='bbox 805 2759 894 2790; x_wconf 75' lang='lat' dir='ltr'><strong>batos</strong></span> <span class='ocrx_word' id='word_1_350' title='bbox 908 2760 1068 2791; x_wconf 76' lang='lat' dir='ltr'><strong>altaribus</strong></span> <span class='ocrx_word' id='word_1_351' title='bbox 1074 2764 1172 2801; x_wconf 76' lang='lat' dir='ltr'><strong>potue</strong></span> <span class='ocrx_word' id='word_1_352' title='bbox 1184 2761 1373 2795; x_wconf 73' lang='lat' dir='ltr'><strong>abhorretis.</strong></span> 
     </span>
    </p>
   </div>
   <div class='ocr_carea' id='block_1_12' title="bbox 1480 388 1681 396">
    <p class='ocr_par' dir='ltr' id='par_1_19' title="bbox 1480 388 1681 396">
     <span class='ocr_line' id='line_1_63' title="bbox 1480 388 1681 396; baseline 0 0"><span class='ocrx_word' id='word_1_353' title='bbox 1480 388 1681 396; x_wconf 95' lang='lat' dir='ltr'><strong> </strong></span> 
     </span>
    </p>
   </div>
   <div class='ocr_carea' id='block_1_13' title="bbox 104 505 1676 684">
    <p class='ocr_par' dir='ltr' id='par_1_20' title="bbox 104 505 1676 684">
     <span class='ocr_line' id='line_1_64' title="bbox 1473 505 1676 560; baseline 0.005 -31"><span class='ocrx_word' id='word_1_354' title='bbox 1473 505 1515 560; x_wconf 59' lang='lat' dir='ltr'><strong>{lor</strong></span> <span class='ocrx_word' id='word_1_355' title='bbox 1528 505 1676 560; x_wconf 47' lang='lat' dir='ltr'><strong>thotsphwlio</strong></span> 
     </span>
     <span class='ocr_line' id='line_1_65' title="bbox 104 542 1662 623; baseline 0.001 -25"><span class='ocrx_word' id='word_1_356' title='bbox 104 558 208 600; x_wconf 85' lang='lat' dir='ltr'><strong>tere</strong></span> <span class='ocrx_word' id='word_1_357' title='bbox 242 556 377 600; x_wconf 90' lang='lat' dir='ltr'><strong>nobis</strong></span> <span class='ocrx_word' id='word_1_358' title='bbox 409 571 478 607; x_wconf 86' lang='lat' dir='ltr'><strong>ea,</strong></span> <span class='ocrx_word' id='word_1_359' title='bbox 514 556 594 612; x_wconf 92' lang='lat' dir='ltr'><strong>qui</strong></span> <span class='ocrx_word' id='word_1_360' title='bbox 628 557 698 600; x_wconf 89' lang='lat' dir='ltr'><strong>bis</strong></span> <span class='ocrx_word' id='word_1_361' title='bbox 732 557 893 601; x_wconf 80' lang='lat' dir='ltr'><strong>idolis2</strong></span> <span class='ocrx_word' id='word_1_362' title='bbox 925 556 1315 601; x_wconf 84' lang='lat' dir='ltr'><strong>renuntiavimus:</strong></span> <span class='ocrx_word' id='word_1_363' title='bbox 1360 571 1454 600; x_wconf 91' lang='lat' dir='ltr'><strong>non</strong></span> <span class='ocrx_word' id='word_1_364' title='bbox 1472 542 1662 623; x_wconf 49' lang='grc' dir='ltr'><strong>Εξῇῗιξεζιέᾱωῗπ</strong></span> 
     </span>
     <span class='ocr_line' id='line_1_66' title="bbox 1472 627 1660 684; baseline 0 0"><span class='ocrx_word' id='word_1_365' title='bbox 1472 627 1559 684; x_wconf 54' lang='grc' dir='ltr'><strong>ἱᾱὸιᾶ.</strong></span> <span class='ocrx_word' id='word_1_366' title='bbox 1573 657 1625 684; x_wconf 71' lang='lat' dir='ltr'><strong>vin</strong></span> <span class='ocrx_word' id='word_1_367' title='bbox 1638 657 1660 684; x_wconf 83' lang='lat'><strong>4.</strong></span> 
     </span>
    </p>
   </div>
  </div>
 </body>
</html>
