<?xml version="1.0" encoding="UTF-8"?>
<!DOCTYPE html PUBLIC "-//W3C//DTD XHTML 1.0 Transitional//EN"
    "http://www.w3.org/TR/xhtml1/DTD/xhtml1-transitional.dtd">
<html xmlns="http://www.w3.org/1999/xhtml" xml:lang="en" lang="en">
 <head>
  <title>
</title>
<meta http-equiv="Content-Type" content="text/html;charset=utf-8" />
  <meta name='ocr-system' content='tesseract 3.04.00' />
  <meta name='ocr-capabilities' content='ocr_page ocr_carea ocr_par ocr_line ocrx_word'/>
</head>
<body>
  <div class='ocr_page' id='page_1' title='image "./libritresdespect00tertuoft/libritresdespect00tertuoft_0059.png"; bbox 0 0 1812 2956; ppageno 0'>
   <div class='ocr_carea' id='block_1_1' title="bbox 0 0 179 203">
    <p class='ocr_par' dir='ltr' id='par_1_1' title="bbox 0 0 179 203">
     <span class='ocr_line' id='line_1_1' title="bbox 0 0 179 203; baseline 0 2753"><span class='ocrx_word' id='word_1_1' title='bbox 0 0 179 203; x_wconf 95' lang='lat' dir='ltr'><strong> </strong></span> 
     </span>
    </p>
   </div>
   <div class='ocr_carea' id='block_1_2' title="bbox 300 451 1284 638">
    <p class='ocr_par' dir='ltr' id='par_1_2' title="bbox 300 451 1284 638">
     <span class='ocr_line' id='line_1_2' title="bbox 300 451 1284 509; baseline 0 -1"><span class='ocrx_word' id='word_1_2' title='bbox 300 451 920 509; x_wconf 88' lang='lat' dir='ltr'><strong>TERTULLIANI</strong></span> <span class='ocrx_word' id='word_1_3' title='bbox 988 452 1284 509; x_wconf 86' lang='lat' dir='ltr'>LIBER¹</span> 
     </span>
     <span class='ocr_line' id='line_1_3' title="bbox 478 586 1125 638; baseline -0.002 0"><span class='ocrx_word' id='word_1_4' title='bbox 478 588 585 638; x_wconf 86' lang='lat' dir='ltr'><strong>DE</strong></span> <span class='ocrx_word' id='word_1_5' title='bbox 613 588 891 638; x_wconf 81' lang='lat' dir='ltr'><strong><em>SPECTA</em></strong></span> <span class='ocrx_word' id='word_1_6' title='bbox 902 586 1125 638; x_wconf 81' lang='lat' dir='ltr'><em>CULIS.</em></span> 
     </span>
    </p>
   </div>
   <div class='ocr_carea' id='block_1_3' title="bbox 132 873 1673 1012">
    <p class='ocr_par' dir='ltr' id='par_1_3' title="bbox 132 873 1673 1012">
     <span class='ocr_line' id='line_1_4' title="bbox 226 873 1673 930; baseline -0.003 -12"><span class='ocrx_word' id='word_1_7' title='bbox 226 873 303 918; x_wconf 90' lang='lat' dir='ltr'><strong>UI</strong></span> <span class='ocrx_word' id='word_1_8' title='bbox 334 876 484 919; x_wconf 85' lang='lat' dir='ltr'><strong>status</strong></span> <span class='ocrx_word' id='word_1_9' title='bbox 514 874 636 927; x_wconf 89' lang='lat' dir='ltr'><strong>fidei,</strong></span> <span class='ocrx_word' id='word_1_10' title='bbox 663 889 766 930; x_wconf 86' lang='lat' dir='ltr'><strong>quae</strong></span> <span class='ocrx_word' id='word_1_11' title='bbox 800 874 924 918; x_wconf 80' lang='lat' dir='ltr'><strong>ratio</strong></span> <span class='ocrx_word' id='word_1_12' title='bbox 959 873 1182 924; x_wconf 88' lang='lat' dir='ltr'><strong>veritatis,</strong></span> <span class='ocrx_word' id='word_1_13' title='bbox 1214 873 1340 929; x_wconf 86' lang='lat' dir='ltr'><strong>quod</strong></span> <span class='ocrx_word' id='word_1_14' title='bbox 1363 887 1477 930; x_wconf 84' lang='lat' dir='ltr'><strong>prae-</strong></span> <span class='ocrx_word' id='word_1_15' title='bbox 1524 881 1623 913; x_wconf 80' lang='lat' dir='ltr'>CAP.</span> <span class='ocrx_word' id='word_1_16' title='bbox 1645 883 1673 914; x_wconf 92' lang='lat'><strong>1.</strong></span> 
     </span>
     <span class='ocr_line' id='line_1_5' title="bbox 132 877 1664 1012; baseline -0.001 -16"><span class='ocrx_word' id='word_1_17' title='bbox 132 877 222 1012; x_wconf 80' lang='lat' dir='ltr'><strong>Q</strong></span> <span class='ocrx_word' id='word_1_18' title='bbox 266 951 492 1009; x_wconf 83' lang='lat' dir='ltr'><strong>scriptum</strong></span> <span class='ocrx_word' id='word_1_19' title='bbox 529 953 784 1010; x_wconf 80' lang='lat' dir='ltr'><strong>disciplinae</strong></span> <span class='ocrx_word' id='word_1_20' title='bbox 824 952 950 996; x_wconf 85' lang='lat' dir='ltr'><strong>inter</strong></span> <span class='ocrx_word' id='word_1_21' title='bbox 990 955 1150 996; x_wconf 85' lang='lat' dir='ltr'><strong>cetera</strong></span> <span class='ocrx_word' id='word_1_22' title='bbox 1186 952 1475 995; x_wconf 79' lang='lat' dir='ltr'><strong>saecularium</strong></span> <span class='ocrx_word' id='word_1_23' title='bbox 1493 963 1583 989; x_wconf 71' lang='lat' dir='ltr'><strong>Iaeam</strong></span> <span class='ocrx_word' id='word_1_24' title='bbox 1594 971 1664 1000; x_wconf 80' lang='lat' dir='ltr'><strong>your</strong></span> 
     </span>
    </p>
   </div>
   <div class='ocr_carea' id='block_1_4' title="bbox 1492 995 1693 1050">
    <p class='ocr_par' dir='ltr' id='par_1_4' title="bbox 1492 995 1693 1050">
     <span class='ocr_line' id='line_1_6' title="bbox 1492 995 1693 1025; baseline 0.005 -6"><span class='ocrx_word' id='word_1_25' title='bbox 1492 995 1653 1025; x_wconf 81' lang='lat' dir='ltr'><strong>obligatmns</strong></span> <span class='ocrx_word' id='word_1_26' title='bbox 1664 996 1693 1020; x_wconf 87' lang='lat' dir='ltr'><strong>to</strong></span> 
     </span>
     <span class='ocr_line' id='line_1_7' title="bbox 1492 1025 1682 1050; baseline -0.005 0"><span class='ocrx_word' id='word_1_27' title='bbox 1492 1025 1599 1050; x_wconf 77' lang='lat' dir='ltr'><strong>abstain</strong></span> <span class='ocrx_word' id='word_1_28' title='bbox 1611 1025 1682 1049; x_wconf 85' lang='lat' dir='ltr'><strong>from</strong></span> 
     </span>
    </p>
   </div>
   <div class='ocr_carea' id='block_1_5' title="bbox 127 1030 1698 1111">
    <p class='ocr_par' dir='ltr' id='par_1_5' title="bbox 127 1030 1698 1111">
     <span class='ocr_line' id='line_1_8' title="bbox 127 1030 1698 1111; baseline 0 -38"><span class='ocrx_word' id='word_1_29' title='bbox 127 1040 340 1074; x_wconf 86' lang='lat' dir='ltr'><strong>errorum</strong></span> <span class='ocrx_word' id='word_1_30' title='bbox 383 1030 528 1074; x_wconf 88' lang='lat' dir='ltr'><strong>etiam</strong></span> <span class='ocrx_word' id='word_1_31' title='bbox 573 1030 949 1087; x_wconf 80' lang='lat' dir='ltr'><strong>spectaculorum</strong></span> <span class='ocrx_word' id='word_1_32' title='bbox 983 1030 1248 1087; x_wconf 86' lang='lat' dir='ltr'><strong>voluptates</strong></span> <span class='ocrx_word' id='word_1_33' title='bbox 1283 1030 1474 1082; x_wconf 88' lang='lat' dir='ltr'><strong>adimat,</strong></span> <span class='ocrx_word' id='word_1_34' title='bbox 1492 1056 1698 1111; x_wconf 54' lang='lat' dir='ltr'><strong>⁸h2{³·‘²¹-¹d({&#39;0</strong></span> 
     </span>
     <span class='ocr_line' id='line_1_9' title="bbox 1493 1093 1656 1111; baseline 0.006 -1"><span class='ocrx_word' id='word_1_35' title='bbox 1493 1093 1529 1111; x_wconf 85' lang='lat' dir='ltr'><strong>no</strong></span> <span class='ocrx_word' id='word_1_36' title='bbox 1569 1093 1656 1111; x_wconf 81' lang='lat' dir='ltr'><strong>ecelve</strong></span> 
     </span>
    </p>
   </div>
   <div class='ocr_carea' id='block_1_6' title="bbox 126 1105 1665 1165">
    <p class='ocr_par' dir='ltr' id='par_1_6' title="bbox 126 1105 1665 1165">
     <span class='ocr_line' id='line_1_10' title="bbox 126 1105 1665 1165; baseline -0.003 -13"><span class='ocrx_word' id='word_1_37' title='bbox 126 1105 222 1152; x_wconf 86' lang='lat' dir='ltr'><strong>Dei</strong></span> <span class='ocrx_word' id='word_1_38' title='bbox 257 1107 391 1160; x_wconf 86' lang='lat' dir='ltr'><strong>servi,</strong></span> <span class='ocrx_word' id='word_1_39' title='bbox 426 1108 713 1165; x_wconf 82' lang='lat' dir='ltr'><strong>cognoscite,</strong></span> <span class='ocrx_word' id='word_1_40' title='bbox 739 1108 819 1164; x_wconf 90' lang='lat' dir='ltr'><strong>qui</strong></span> <span class='ocrx_word' id='word_1_41' title='bbox 849 1123 956 1152; x_wconf 91' lang='lat' dir='ltr'><strong>cum</strong></span> <span class='ocrx_word' id='word_1_42' title='bbox 987 1108 1191 1151; x_wconf 82' lang='lat' dir='ltr'>maxime</span> <span class='ocrx_word' id='word_1_43' title='bbox 1227 1108 1288 1152; x_wconf 88' lang='lat' dir='ltr'><strong>ad</strong></span> <span class='ocrx_word' id='word_1_44' title='bbox 1319 1108 1475 1152; x_wconf 90' lang='lat' dir='ltr'><strong>Deum</strong></span> <span class='ocrx_word' id='word_1_45' title='bbox 1492 1117 1665 1148; x_wconf 73' lang='lat' dir='ltr'><strong>bytheralse</strong></span> 
     </span>
    </p>
   </div>
   <div class='ocr_carea' id='block_1_7' title="bbox 1493 1147 1688 1172">
    <p class='ocr_par' dir='ltr' id='par_1_7' title="bbox 1493 1147 1688 1172">
     <span class='ocr_line' id='line_1_11' title="bbox 1493 1147 1688 1172; baseline 0.005 -1"><span class='ocrx_word' id='word_1_46' title='bbox 1493 1147 1616 1172; x_wconf 86' lang='lat' dir='ltr'><strong>reasonin</strong></span> <span class='ocrx_word' id='word_1_47' title='bbox 1659 1147 1688 1172; x_wconf 67' lang='grc' dir='ltr'><strong>οἵ</strong></span> 
     </span>
    </p>
   </div>
   <div class='ocr_carea' id='block_1_8' title="bbox 125 1178 1693 1242">
    <p class='ocr_par' dir='ltr' id='par_1_8' title="bbox 125 1178 1693 1242">
     <span class='ocr_line' id='line_1_12' title="bbox 125 1178 1693 1242; baseline 0.003 -14"><span class='ocrx_word' id='word_1_48' title='bbox 125 1184 364 1237; x_wconf 79' lang='lat' dir='ltr'><strong>acceditis,</strong></span> <span class='ocrx_word' id='word_1_49' title='bbox 384 1185 723 1242; x_wconf 81' lang='lat' dir='ltr'><strong>recognoscite,</strong></span> <span class='ocrx_word' id='word_1_50' title='bbox 746 1185 825 1241; x_wconf 90' lang='lat' dir='ltr'><strong>qui</strong></span> <span class='ocrx_word' id='word_1_51' title='bbox 839 1186 940 1242; x_wconf 85' lang='lat' dir='ltr'><strong>jam</strong></span> <span class='ocrx_word' id='word_1_52' title='bbox 963 1185 1212 1229; x_wconf 86' lang='lat' dir='ltr'><strong>accessisse</strong></span> <span class='ocrx_word' id='word_1_53' title='bbox 1230 1200 1311 1229; x_wconf 88' lang='lat' dir='ltr'><strong>vos</strong></span> <span class='ocrx_word' id='word_1_54' title='bbox 1352 1185 1480 1229; x_wconf 80' lang='lat' dir='ltr'><strong>testi·</strong></span> <span class='ocrx_word' id='word_1_55' title='bbox 1493 1178 1693 1238; x_wconf 46' lang='grc' dir='ltr'><strong>Ξῖἳὲιῗέἶῖξῗιῗῇ</strong></span> 
     </span>
    </p>
   </div>
   <div class='ocr_carea' id='block_1_9' title="bbox 124 1239 1696 1707">
    <p class='ocr_par' dir='ltr' id='par_1_9' title="bbox 124 1239 1696 1707">
     <span class='ocr_line' id='line_1_13' title="bbox 124 1239 1696 1330; baseline -0.001 -24"><span class='ocrx_word' id='word_1_56' title='bbox 124 1261 253 1306; x_wconf 80' lang='lat' dir='ltr'><strong>ficati</strong></span> <span class='ocrx_word' id='word_1_57' title='bbox 283 1266 335 1306; x_wconf 87' lang='lat' dir='ltr'><strong>et</strong></span> <span class='ocrx_word' id='word_1_58' title='bbox 357 1263 559 1307; x_wconf 85' lang='lat' dir='ltr'><strong>confessi</strong></span> <span class='ocrx_word' id='word_1_59' title='bbox 580 1263 728 1314; x_wconf 81' lang='lat' dir='ltr'><strong>estis2,</strong></span> <span class='ocrx_word' id='word_1_60' title='bbox 753 1278 812 1306; x_wconf 89' lang='lat' dir='ltr'><strong>ne</strong></span> <span class='ocrx_word' id='word_1_61' title='bbox 837 1268 918 1306; x_wconf 90' lang='lat' dir='ltr'><strong>aut</strong></span> <span class='ocrx_word' id='word_1_62' title='bbox 942 1263 1202 1319; x_wconf 88' lang='lat' dir='ltr'><strong>ignorando</strong></span> <span class='ocrx_word' id='word_1_63' title='bbox 1243 1267 1325 1306; x_wconf 91' lang='lat' dir='ltr'><strong>aut</strong></span> <span class='ocrx_word' id='word_1_64' title='bbox 1350 1263 1478 1306; x_wconf 86' lang='lat' dir='ltr'><strong>dissi-</strong></span> <span class='ocrx_word' id='word_1_65' title='bbox 1494 1239 1696 1330; x_wconf 54' lang='lat' dir='ltr'><strong>d{{}{{‹¹³}¹gffl</strong></span> 
     </span>
     <span class='ocr_line' id='line_1_14' title="bbox 126 1330 1572 1397; baseline 0.001 -15"><span class='ocrx_word' id='word_1_66' title='bbox 126 1338 348 1383; x_wconf 87' lang='lat' dir='ltr'><strong>mulando</strong></span> <span class='ocrx_word' id='word_1_67' title='bbox 380 1340 482 1396; x_wconf 89' lang='lat' dir='ltr'><strong>quis</strong></span> <span class='ocrx_word' id='word_1_68' title='bbox 513 1344 693 1397; x_wconf 86' lang='lat' dir='ltr'><strong>peccet.</strong></span> <span class='ocrx_word' id='word_1_69' title='bbox 764 1340 919 1384; x_wconf 89' lang='lat' dir='ltr'><strong>Tanta</strong></span> <span class='ocrx_word' id='word_1_70' title='bbox 946 1344 1019 1384; x_wconf 86' lang='lat' dir='ltr'><strong>est</strong></span> <span class='ocrx_word' id='word_1_71' title='bbox 1054 1340 1179 1384; x_wconf 88' lang='lat' dir='ltr'><strong>enim</strong></span> <span class='ocrx_word' id='word_1_72' title='bbox 1212 1341 1280 1384; x_wconf 86' lang='lat' dir='ltr'><strong>vis</strong></span> <span class='ocrx_word' id='word_1_73' title='bbox 1320 1340 1478 1397; x_wconf 86' lang='lat' dir='ltr'><strong>volup·</strong></span> <span class='ocrx_word' id='word_1_74' title='bbox 1494 1330 1572 1356; x_wconf 50' lang='grc' dir='ltr'><strong>’ω’</strong></span> 
     </span>
     <span class='ocr_line' id='line_1_15' title="bbox 125 1417 1480 1475; baseline 0.001 -15"><span class='ocrx_word' id='word_1_75' title='bbox 125 1419 293 1468; x_wconf 78' lang='lat' dir='ltr'><strong>tatum,</strong></span> <span class='ocrx_word' id='word_1_76' title='bbox 327 1420 383 1461; x_wconf 90' lang='lat' dir='ltr'><strong>ut</strong></span> <span class='ocrx_word' id='word_1_77' title='bbox 418 1417 732 1474; x_wconf 80' lang='lat' dir='ltr'><strong>ignorantiam</strong></span> <span class='ocrx_word' id='word_1_78' title='bbox 763 1418 968 1475; x_wconf 82' lang='lat' dir='ltr'><strong>protelet</strong></span> <span class='ocrx_word' id='word_1_79' title='bbox 1002 1417 1051 1461; x_wconf 90' lang='lat' dir='ltr'><strong>in</strong></span> <span class='ocrx_word' id='word_1_80' title='bbox 1091 1417 1386 1462; x_wconf 89' lang='lat' dir='ltr'><strong>occasionem</strong></span> <span class='ocrx_word' id='word_1_81' title='bbox 1430 1421 1480 1462; x_wconf 89' lang='lat' dir='ltr'><strong>et</strong></span> 
     </span>
     <span class='ocr_line' id='line_1_16' title="bbox 126 1494 1480 1552; baseline -0.001 -13"><span class='ocrx_word' id='word_1_82' title='bbox 126 1494 464 1539; x_wconf 69' lang='lat' dir='ltr'><strong>conscientiam</strong></span> <span class='ocrx_word' id='word_1_83' title='bbox 493 1499 765 1552; x_wconf 88' lang='lat' dir='ltr'><strong>corrumpat</strong></span> <span class='ocrx_word' id='word_1_84' title='bbox 795 1496 844 1538; x_wconf 93' lang='lat' dir='ltr'><strong>in</strong></span> <span class='ocrx_word' id='word_1_85' title='bbox 874 1495 1328 1539; x_wconf 45' lang='lat' dir='ltr'><strong>dissimulationem&amp;</strong></span> <span class='ocrx_word' id='word_1_86' title='bbox 1399 1495 1480 1538; x_wconf 86' lang='lat' dir='ltr'><strong>Ad</strong></span> 
     </span>
     <span class='ocr_line' id='line_1_17' title="bbox 128 1573 1480 1630; baseline 0 -14"><span class='ocrx_word' id='word_1_87' title='bbox 128 1575 380 1628; x_wconf 83' lang='lat' dir='ltr'><strong>utrumque</strong></span> <span class='ocrx_word' id='word_1_88' title='bbox 403 1573 557 1617; x_wconf 89' lang='lat' dir='ltr'><strong>adhuc</strong></span> <span class='ocrx_word' id='word_1_89' title='bbox 579 1573 735 1617; x_wconf 85' lang='lat' dir='ltr'><strong>forsan</strong></span> <span class='ocrx_word' id='word_1_90' title='bbox 759 1573 898 1617; x_wconf 88' lang='lat' dir='ltr'><strong>alicui</strong></span> <span class='ocrx_word' id='word_1_91' title='bbox 917 1573 1160 1630; x_wconf 91' lang='lat' dir='ltr'><strong>opiniones</strong></span> <span class='ocrx_word' id='word_1_92' title='bbox 1185 1573 1480 1617; x_wconf 90' lang='lat' dir='ltr'><strong>ethnicorum</strong></span> 
     </span>
     <span class='ocr_line' id='line_1_18' title="bbox 127 1649 1479 1707; baseline 0.001 -14"><span class='ocrx_word' id='word_1_93' title='bbox 127 1649 442 1703; x_wconf 83' lang='lat' dir='ltr'><strong>blandiantur,</strong></span> <span class='ocrx_word' id='word_1_94' title='bbox 484 1651 564 1707; x_wconf 90' lang='lat' dir='ltr'><strong>qui</strong></span> <span class='ocrx_word' id='word_1_95' title='bbox 609 1651 659 1695; x_wconf 91' lang='lat' dir='ltr'><strong>in</strong></span> <span class='ocrx_word' id='word_1_96' title='bbox 703 1651 794 1695; x_wconf 86' lang='lat' dir='ltr'><strong>ista</strong></span> <span class='ocrx_word' id='word_1_97' title='bbox 833 1666 974 1695; x_wconf 88' lang='lat' dir='ltr'><strong>causa</strong></span> <span class='ocrx_word' id='word_1_98' title='bbox 1018 1651 1240 1698; x_wconf 74' lang='lat' dir='ltr'><strong>adversus</strong></span> <span class='ocrx_word' id='word_1_99' title='bbox 1286 1665 1371 1695; x_wconf 88' lang='lat' dir='ltr'><strong>nos</strong></span> <span class='ocrx_word' id='word_1_100' title='bbox 1410 1650 1479 1695; x_wconf 90' lang='lat' dir='ltr'><strong>ita</strong></span> 
     </span>
    </p>
   </div>
   <div class='ocr_carea' id='block_1_10' title="bbox 1495 940 1702 947">
    <p class='ocr_par' dir='ltr' id='par_1_10' title="bbox 1495 940 1702 947">
     <span class='ocr_line' id='line_1_19' title="bbox 1495 940 1702 947; baseline 0 2009"><span class='ocrx_word' id='word_1_101' title='bbox 1495 940 1702 947; x_wconf 95' lang='lat' dir='ltr'><strong> </strong></span> 
     </span>
    </p>
   </div>
   <div class='ocr_carea' id='block_1_11' title="bbox 126 1781 773 2720">
    <p class='ocr_par' dir='ltr' id='par_1_11' title="bbox 126 1781 773 2720">
     <span class='ocr_line' id='line_1_20' title="bbox 189 1781 770 1815; baseline 0.002 -2"><span class='ocrx_word' id='word_1_102' title='bbox 189 1781 201 1802; x_wconf 82' lang='lat'>¹</span> <span class='ocrx_word' id='word_1_103' title='bbox 222 1782 302 1814; x_wconf 84' lang='lat' dir='ltr'><strong>This</strong></span> <span class='ocrx_word' id='word_1_104' title='bbox 314 1783 400 1814; x_wconf 89' lang='lat' dir='ltr'><strong>book</strong></span> <span class='ocrx_word' id='word_1_105' title='bbox 413 1793 479 1814; x_wconf 78' lang='lat' dir='ltr'><strong>was</strong></span> <span class='ocrx_word' id='word_1_106' title='bbox 490 1783 524 1814; x_wconf 86' lang='lat' dir='ltr'><strong>in</strong></span> <span class='ocrx_word' id='word_1_107' title='bbox 538 1793 626 1815; x_wconf 86' lang='lat' dir='ltr'><strong>some</strong></span> <span class='ocrx_word' id='word_1_108' title='bbox 640 1784 770 1815; x_wconf 82' lang='lat' dir='ltr'><strong>ancient</strong></span> 
     </span>
     <span class='ocr_line' id='line_1_21' title="bbox 126 1832 770 1873; baseline 0 -9"><span class='ocrx_word' id='word_1_109' title='bbox 126 1832 225 1864; x_wconf 75' lang='lat' dir='ltr'>MSS.</span> <span class='ocrx_word' id='word_1_110' title='bbox 253 1833 380 1864; x_wconf 79' lang='lat' dir='ltr'><strong>divided</strong></span> <span class='ocrx_word' id='word_1_111' title='bbox 407 1833 478 1864; x_wconf 86' lang='lat' dir='ltr'><strong>into</strong></span> <span class='ocrx_word' id='word_1_112' title='bbox 507 1837 586 1873; x_wconf 86' lang='lat' dir='ltr'><strong>two,</strong></span> <span class='ocrx_word' id='word_1_113' title='bbox 615 1835 671 1865; x_wconf 86' lang='lat' dir='ltr'><strong>the</strong></span> <span class='ocrx_word' id='word_1_114' title='bbox 699 1834 770 1864; x_wconf 85' lang='lat' dir='ltr'><strong>first</strong></span> 
     </span>
     <span class='ocr_line' id='line_1_22' title="bbox 129 1884 769 1924; baseline 0.002 -10"><span class='ocrx_word' id='word_1_115' title='bbox 129 1884 318 1924; x_wconf 72' lang='lat' dir='ltr'><strong>containing</strong></span> <span class='ocrx_word' id='word_1_116' title='bbox 329 1884 386 1914; x_wconf 82' lang='lat' dir='ltr'><strong>the</strong></span> <span class='ocrx_word' id='word_1_117' title='bbox 405 1884 476 1915; x_wconf 82' lang='lat' dir='ltr'><strong>first</strong></span> <span class='ocrx_word' id='word_1_118' title='bbox 490 1885 602 1915; x_wconf 83' lang='lat' dir='ltr'><strong>eleven</strong></span> <span class='ocrx_word' id='word_1_119' title='bbox 617 1885 769 1924; x_wconf 82' lang='lat' dir='ltr'><strong>chapters</strong></span> 
     </span>
     <span class='ocr_line' id='line_1_23' title="bbox 127 1933 770 1974; baseline 0 -10"><span class='ocrx_word' id='word_1_120' title='bbox 127 1942 164 1964; x_wconf 74' lang='lat' dir='ltr'><strong>es</strong></span> <span class='ocrx_word' id='word_1_121' title='bbox 187 1933 264 1974; x_wconf 74' lang='lat' dir='ltr'><strong>they</strong></span> <span class='ocrx_word' id='word_1_122' title='bbox 298 1943 373 1964; x_wconf 77' lang='lat' dir='ltr'><strong>now</strong></span> <span class='ocrx_word' id='word_1_123' title='bbox 397 1935 502 1965; x_wconf 78' lang='lat' dir='ltr'><strong>stand.</strong></span> <span class='ocrx_word' id='word_1_124' title='bbox 551 1935 622 1965; x_wconf 85' lang='lat' dir='ltr'><strong>The</strong></span> <span class='ocrx_word' id='word_1_125' title='bbox 651 1935 770 1964; x_wconf 83' lang='lat' dir='ltr'><strong>second</strong></span> 
     </span>
     <span class='ocr_line' id='line_1_24' title="bbox 128 1984 770 2024; baseline 0 -10"><span class='ocrx_word' id='word_1_126' title='bbox 128 1986 204 2024; x_wconf 77' lang='lat' dir='ltr'><strong>pert</strong></span> <span class='ocrx_word' id='word_1_127' title='bbox 229 1984 257 2015; x_wconf 86' lang='lat' dir='ltr'><strong>is</strong></span> <span class='ocrx_word' id='word_1_128' title='bbox 280 1984 436 2024; x_wconf 77' lang='lat' dir='ltr'><strong>probably</strong></span> <span class='ocrx_word' id='word_1_129' title='bbox 459 1984 515 2014; x_wconf 87' lang='lat' dir='ltr'><strong>the</strong></span> <span class='ocrx_word' id='word_1_130' title='bbox 543 1994 630 2015; x_wconf 85' lang='lat' dir='ltr'><strong>same</strong></span> <span class='ocrx_word' id='word_1_131' title='bbox 653 1994 688 2014; x_wconf 80' lang='lat' dir='ltr'><strong>as</strong></span> <span class='ocrx_word' id='word_1_132' title='bbox 714 1985 770 2015; x_wconf 81' lang='lat' dir='ltr'><strong>the</strong></span> 
     </span>
     <span class='ocr_line' id='line_1_25' title="bbox 128 2033 769 2074; baseline 0.002 -11"><span class='ocrx_word' id='word_1_133' title='bbox 128 2033 262 2064; x_wconf 76' lang='lat' dir='ltr'><strong>treatise</strong></span> <span class='ocrx_word' id='word_1_134' title='bbox 273 2033 464 2074; x_wconf 80' lang='lat' dir='ltr'><strong>incorrectly</strong></span> <span class='ocrx_word' id='word_1_135' title='bbox 475 2033 672 2073; x_wconf 82' lang='lat' dir='ltr'><strong>designated,</strong></span> <span class='ocrx_word' id='word_1_136' title='bbox 681 2034 714 2064; x_wconf 91' lang='lat' dir='ltr'><strong>in</strong></span> <span class='ocrx_word' id='word_1_137' title='bbox 727 2043 769 2064; x_wconf 82' lang='lat' dir='ltr'><strong>an</strong></span> 
     </span>
     <span class='ocr_line' id='line_1_26' title="bbox 128 2083 769 2124; baseline 0.002 -10"><span class='ocrx_word' id='word_1_138' title='bbox 128 2083 184 2114; x_wconf 87' lang='lat' dir='ltr'><strong>old</strong></span> <span class='ocrx_word' id='word_1_139' title='bbox 197 2083 367 2123; x_wconf 79' lang='lat' dir='ltr'><strong>catalogue</strong></span> <span class='ocrx_word' id='word_1_140' title='bbox 380 2083 417 2114; x_wconf 76' lang='lat' dir='ltr'><strong>of</strong></span> <span class='ocrx_word' id='word_1_141' title='bbox 435 2084 490 2114; x_wconf 87' lang='lat' dir='ltr'><strong>the</strong></span> <span class='ocrx_word' id='word_1_142' title='bbox 506 2084 624 2124; x_wconf 76' lang='lat' dir='ltr'><strong>librat-y</strong></span> <span class='ocrx_word' id='word_1_143' title='bbox 637 2088 672 2115; x_wconf 86' lang='lat' dir='ltr'><strong>at</strong></span> <span class='ocrx_word' id='word_1_144' title='bbox 688 2083 769 2115; x_wconf 88' lang='lat' dir='ltr'><strong>Cor-</strong></span> 
     </span>
     <span class='ocr_line' id='line_1_27' title="bbox 128 2132 769 2174; baseline 0.002 -10"><span class='ocrx_word' id='word_1_145' title='bbox 128 2132 190 2174; x_wconf 68' lang='lat' dir='ltr'><strong>bey</strong></span> <span class='ocrx_word' id='word_1_146' title='bbox 210 2133 318 2164; x_wconf 83' lang='lat' dir='ltr'><strong>edited</strong></span> <span class='ocrx_word' id='word_1_147' title='bbox 334 2134 376 2174; x_wconf 79' lang='lat' dir='ltr'><strong>by</strong></span> <span class='ocrx_word' id='word_1_148' title='bbox 399 2134 478 2173; x_wconf 81' lang='lat' dir='ltr'><strong>Mai,</strong></span> <span class='ocrx_word' id='word_1_149' title='bbox 498 2143 533 2164; x_wconf 80' lang='lat' dir='ltr'><strong>as</strong></span> <span class='ocrx_word' id='word_1_150' title='bbox 553 2134 606 2165; x_wconf 91' lang='lat' dir='ltr'><strong>De</strong></span> <span class='ocrx_word' id='word_1_151' title='bbox 623 2134 769 2173; x_wconf 78' lang='lat' dir='ltr'><strong>Munere,</strong></span> 
     </span>
     <span class='ocr_line' id='line_1_28' title="bbox 127 2175 768 2224; baseline 0.002 -10"><span class='ocrx_word' id='word_1_152' title='bbox 127 2182 264 2215; x_wconf 75' lang='lat' dir='ltr'><strong>because</strong></span> <span class='ocrx_word' id='word_1_153' title='bbox 289 2184 345 2214; x_wconf 85' lang='lat' dir='ltr'><strong>the</strong></span> <span class='ocrx_word' id='word_1_154' title='bbox 372 2175 500 2215; x_wconf 50' lang='lat' dir='ltr'><strong>tvrelfth</strong></span> <span class='ocrx_word' id='word_1_155' title='bbox 522 2185 655 2224; x_wconf 78' lang='lat' dir='ltr'><strong>chapter</strong></span> <span class='ocrx_word' id='word_1_156' title='bbox 681 2194 768 2215; x_wconf 85' lang='lat' dir='ltr'><strong>com-</strong></span> 
     </span>
     <span class='ocr_line' id='line_1_29' title="bbox 127 2235 769 2275; baseline 0.002 -10"><span class='ocrx_word' id='word_1_157' title='bbox 127 2243 258 2266; x_wconf 85' lang='lat' dir='ltr'><strong>mences</strong></span> <span class='ocrx_word' id='word_1_158' title='bbox 270 2235 351 2266; x_wconf 83' lang='lat' dir='ltr'><strong>with</strong></span> <span class='ocrx_word' id='word_1_159' title='bbox 365 2235 438 2266; x_wconf 81' lang='lat' dir='ltr'><strong>that</strong></span> <span class='ocrx_word' id='word_1_160' title='bbox 451 2235 585 2275; x_wconf 88' lang='lat' dir='ltr'><strong>subject.</strong></span> <span class='ocrx_word' id='word_1_161' title='bbox 628 2235 698 2266; x_wconf 86' lang='lat' dir='ltr'><strong>The</strong></span> <span class='ocrx_word' id='word_1_162' title='bbox 719 2245 769 2266; x_wconf 80' lang='lat' dir='ltr'><strong>ca-</strong></span> 
     </span>
     <span class='ocr_line' id='line_1_30' title="bbox 128 2285 770 2326; baseline -0.002 -10"><span class='ocrx_word' id='word_1_163' title='bbox 128 2285 261 2325; x_wconf 73' lang='lat' dir='ltr'><strong>tnlogue</strong></span> <span class='ocrx_word' id='word_1_164' title='bbox 281 2285 441 2315; x_wconf 84' lang='lat' dir='ltr'><strong>mentions</strong></span> <span class='ocrx_word' id='word_1_165' title='bbox 454 2295 474 2315; x_wconf 79' lang='lat' dir='ltr'><strong>a</strong></span> <span class='ocrx_word' id='word_1_166' title='bbox 488 2286 560 2317; x_wconf 91' lang='lat' dir='ltr'><strong>MS.</strong></span> <span class='ocrx_word' id='word_1_167' title='bbox 581 2286 770 2326; x_wconf 80' lang='lat' dir='ltr'><strong>containing</strong></span> 
     </span>
     <span class='ocr_line' id='line_1_31' title="bbox 134 2335 769 2368; baseline 0.002 -2"><span class='ocrx_word' id='word_1_168' title='bbox 134 2335 351 2366; x_wconf 69' lang='lat' dir='ltr'><strong>Tertullianus</strong></span> <span class='ocrx_word' id='word_1_169' title='bbox 363 2336 416 2367; x_wconf 93' lang='lat' dir='ltr'><strong>De</strong></span> <span class='ocrx_word' id='word_1_170' title='bbox 429 2336 670 2368; x_wconf 75' lang='lat' dir='ltr'><strong>Resurrectione</strong></span> <span class='ocrx_word' id='word_1_171' title='bbox 686 2337 769 2368; x_wconf 89' lang='lat' dir='ltr'><strong>Car-</strong></span> 
     </span>
     <span class='ocr_line' id='line_1_32' title="bbox 129 2385 770 2426; baseline 0.005 -10"><span class='ocrx_word' id='word_1_172' title='bbox 129 2385 189 2424; x_wconf 67' lang='lat' dir='ltr'><strong>nis,</strong></span> <span class='ocrx_word' id='word_1_173' title='bbox 198 2385 252 2417; x_wconf 84' lang='lat' dir='ltr'><strong>De</strong></span> <span class='ocrx_word' id='word_1_174' title='bbox 266 2385 434 2426; x_wconf 62' lang='lat' dir='ltr'><strong>Trinflate,</strong></span> <span class='ocrx_word' id='word_1_175' title='bbox 442 2387 496 2417; x_wconf 91' lang='lat' dir='ltr'><strong>De</strong></span> <span class='ocrx_word' id='word_1_176' title='bbox 507 2387 712 2426; x_wconf 71' lang='lat' dir='ltr'><strong>Spectaculis,</strong></span> <span class='ocrx_word' id='word_1_177' title='bbox 718 2387 770 2419; x_wconf 91' lang='lat' dir='ltr'><strong>De</strong></span> 
     </span>
     <span class='ocr_line' id='line_1_33' title="bbox 128 2435 770 2476; baseline 0.002 -8"><span class='ocrx_word' id='word_1_178' title='bbox 128 2435 274 2474; x_wconf 74' lang='lat' dir='ltr'><strong>Munere,</strong></span> <span class='ocrx_word' id='word_1_179' title='bbox 291 2435 350 2476; x_wconf 68' lang='grc' dir='ltr'><strong>ᾅτ.</strong></span> <span class='ocrx_word' id='word_1_180' title='bbox 392 2437 568 2468; x_wconf 83' lang='lat' dir='ltr'><strong>Rhenanus</strong></span> <span class='ocrx_word' id='word_1_181' title='bbox 582 2438 615 2467; x_wconf 89' lang='lat' dir='ltr'><strong>in</strong></span> <span class='ocrx_word' id='word_1_182' title='bbox 634 2439 683 2468; x_wconf 84' lang='lat' dir='ltr'><strong>his</strong></span> <span class='ocrx_word' id='word_1_183' title='bbox 704 2440 770 2469; x_wconf 88' lang='lat' dir='ltr'><strong>edi·</strong></span> 
     </span>
     <span class='ocr_line' id='line_1_34' title="bbox 129 2487 768 2528; baseline 0.002 -9"><span class='ocrx_word' id='word_1_184' title='bbox 129 2487 198 2519; x_wconf 84' lang='lat' dir='ltr'><strong>tion</strong></span> <span class='ocrx_word' id='word_1_185' title='bbox 221 2488 258 2518; x_wconf 82' lang='lat' dir='ltr'><strong>of</strong></span> <span class='ocrx_word' id='word_1_186' title='bbox 277 2490 352 2526; x_wconf 81' lang='lat'>1528</span> <span class='ocrx_word' id='word_1_187' title='bbox 373 2497 452 2528; x_wconf 77' lang='lat' dir='ltr'><strong>says.</strong></span> <span class='ocrx_word' id='word_1_188' title='bbox 476 2489 548 2518; x_wconf 76' lang='lat' dir='ltr'><strong>that</strong></span> <span class='ocrx_word' id='word_1_189' title='bbox 570 2489 610 2518; x_wconf 88' lang='lat' dir='ltr'><strong>he</strong></span> <span class='ocrx_word' id='word_1_190' title='bbox 635 2489 668 2518; x_wconf 92' lang='lat' dir='ltr'><strong>in</strong></span> <span class='ocrx_word' id='word_1_191' title='bbox 692 2490 768 2520; x_wconf 84' lang='lat' dir='ltr'><strong>vain</strong></span> 
     </span>
     <span class='ocr_line' id='line_1_35' title="bbox 131 2538 768 2579; baseline 0 -10"><span class='ocrx_word' id='word_1_192' title='bbox 131 2539 287 2578; x_wconf 80' lang='lat' dir='ltr'><strong>expected</strong></span> <span class='ocrx_word' id='word_1_193' title='bbox 314 2539 397 2568; x_wconf 80' lang='lat' dir='ltr'><strong>from</strong></span> <span class='ocrx_word' id='word_1_194' title='bbox 421 2538 544 2569; x_wconf 75' lang='lat' dir='ltr'><strong>Treves</strong></span> <span class='ocrx_word' id='word_1_195' title='bbox 565 2539 768 2579; x_wconf 79' lang='lat' dir='ltr'><strong>Spectaculo-</strong></span> 
     </span>
     <span class='ocr_line' id='line_1_36' title="bbox 130 2588 769 2626; baseline 0.003 -8"><span class='ocrx_word' id='word_1_196' title='bbox 130 2597 201 2619; x_wconf 78' lang='lat' dir='ltr'><strong>rum</strong></span> <span class='ocrx_word' id='word_1_197' title='bbox 214 2588 322 2626; x_wconf 76' lang='lat' dir='ltr'><strong>libros,</strong></span> <span class='ocrx_word' id='word_1_198' title='bbox 344 2588 407 2618; x_wconf 81' lang='lat' dir='ltr'><strong>and</strong></span> <span class='ocrx_word' id='word_1_199' title='bbox 428 2588 580 2619; x_wconf 72' lang='lat' dir='ltr'><strong>Bai-thius</strong></span> <span class='ocrx_word' id='word_1_200' title='bbox 600 2590 633 2618; x_wconf 91' lang='lat' dir='ltr'><strong>in</strong></span> <span class='ocrx_word' id='word_1_201' title='bbox 654 2599 674 2619; x_wconf 79' lang='lat' dir='ltr'><strong>a</strong></span> <span class='ocrx_word' id='word_1_202' title='bbox 693 2593 769 2620; x_wconf 83' lang='lat' dir='ltr'><strong>note</strong></span> 
     </span>
     <span class='ocr_line' id='line_1_37' title="bbox 129 2638 769 2679; baseline 0.003 -11"><span class='ocrx_word' id='word_1_203' title='bbox 129 2646 174 2668; x_wconf 89' lang='lat' dir='ltr'><strong>on</strong></span> <span class='ocrx_word' id='word_1_204' title='bbox 201 2638 285 2668; x_wconf 73' lang='lat' dir='ltr'><strong>Stat.</strong></span> <span class='ocrx_word' id='word_1_205' title='bbox 307 2638 410 2668; x_wconf 85' lang='lat' dir='ltr'><strong>Theb.</strong></span> <span class='ocrx_word' id='word_1_206' title='bbox 431 2647 485 2670; x_wconf 79' lang='lat' dir='ltr'><strong>lx.</strong></span> <span class='ocrx_word' id='word_1_207' title='bbox 510 2641 578 2677; x_wconf 90' lang='lat'><strong>169,</strong></span> <span class='ocrx_word' id='word_1_208' title='bbox 600 2648 670 2679; x_wconf 83' lang='lat' dir='ltr'><strong>says</strong></span> <span class='ocrx_word' id='word_1_209' title='bbox 697 2640 769 2670; x_wconf 76' lang='lat' dir='ltr'><strong>that</strong></span> 
     </span>
     <span class='ocr_line' id='line_1_38' title="bbox 128 2687 773 2720; baseline 0.002 -1"><span class='ocrx_word' id='word_1_210' title='bbox 128 2687 172 2720; x_wconf 80' lang='lat' dir='ltr'><strong>he</strong></span> <span class='ocrx_word' id='word_1_211' title='bbox 207 2687 274 2719; x_wconf 78' lang='lat' dir='ltr'><strong>had</strong></span> <span class='ocrx_word' id='word_1_212' title='bbox 305 2697 386 2719; x_wconf 86' lang='lat' dir='ltr'><strong>once</strong></span> <span class='ocrx_word' id='word_1_213' title='bbox 420 2688 498 2719; x_wconf 83' lang='lat' dir='ltr'><strong>read</strong></span> <span class='ocrx_word' id='word_1_214' title='bbox 533 2688 566 2719; x_wconf 90' lang='lat' dir='ltr'><strong>in</strong></span> <span class='ocrx_word' id='word_1_215' title='bbox 598 2698 619 2720; x_wconf 76' lang='lat' dir='ltr'><strong>a</strong></span> <span class='ocrx_word' id='word_1_216' title='bbox 652 2689 708 2720; x_wconf 83' lang='lat' dir='ltr'><strong>life</strong></span> <span class='ocrx_word' id='word_1_217' title='bbox 735 2690 773 2720; x_wconf 77' lang='lat' dir='ltr'><strong>of</strong></span> 
     </span>
    </p>
   </div>
   <div class='ocr_carea' id='block_1_12' title="bbox 269 2757 404 2788">
    <p class='ocr_par' dir='ltr' id='par_1_12' title="bbox 269 2757 404 2788">
     <span class='ocr_line' id='line_1_39' title="bbox 269 2757 404 2788; baseline 0.015 -2"><span class='ocrx_word' id='word_1_218' title='bbox 269 2757 404 2788; x_wconf 77' lang='lat' dir='ltr'>TERT-</span> 
     </span>
    </p>
   </div>
   <div class='ocr_carea' id='block_1_13' title="bbox 835 1783 1483 1874">
    <p class='ocr_par' dir='ltr' id='par_1_13' title="bbox 835 1783 1483 1874">
     <span class='ocr_line' id='line_1_40' title="bbox 835 1783 1479 1822; baseline -0.003 -7"><span class='ocrx_word' id='word_1_219' title='bbox 835 1784 926 1815; x_wconf 87' lang='lat' dir='ltr'><strong>Ulric</strong></span> <span class='ocrx_word' id='word_1_220' title='bbox 952 1783 1127 1822; x_wconf 83' lang='lat' dir='ltr'><strong>Fabricius,</strong></span> <span class='ocrx_word' id='word_1_221' title='bbox 1154 1793 1175 1814; x_wconf 81' lang='lat' dir='ltr'><strong>a</strong></span> <span class='ocrx_word' id='word_1_222' title='bbox 1204 1783 1385 1814; x_wconf 85' lang='lat' dir='ltr'><strong>counsellor</strong></span> <span class='ocrx_word' id='word_1_223' title='bbox 1414 1783 1479 1813; x_wconf 82' lang='lat' dir='ltr'><strong>and</strong></span> 
     </span>
     <span class='ocr_line' id='line_1_41' title="bbox 837 1833 1483 1874; baseline -0.002 -10"><span class='ocrx_word' id='word_1_224' title='bbox 837 1835 974 1874; x_wconf 80' lang='lat' dir='ltr'><strong>Spanish</strong></span> <span class='ocrx_word' id='word_1_225' title='bbox 1001 1834 1109 1873; x_wconf 83' lang='lat' dir='ltr'><strong>legate</strong></span> <span class='ocrx_word' id='word_1_226' title='bbox 1137 1835 1173 1863; x_wconf 83' lang='lat' dir='ltr'><strong>of</strong></span> <span class='ocrx_word' id='word_1_227' title='bbox 1195 1834 1251 1865; x_wconf 87' lang='lat' dir='ltr'><strong>the</strong></span> <span class='ocrx_word' id='word_1_228' title='bbox 1279 1833 1414 1864; x_wconf 88' lang='lat' dir='ltr'><strong>Elector</strong></span> <span class='ocrx_word' id='word_1_229' title='bbox 1445 1834 1483 1863; x_wconf 85' lang='lat' dir='ltr'><strong>of</strong></span> 
     </span>
    </p>
   </div>
   <div class='ocr_carea' id='block_1_14' title="bbox 828 1883 1480 1922">
    <p class='ocr_par' dir='ltr' id='par_1_14' title="bbox 828 1883 1480 1922">
     <span class='ocr_line' id='line_1_42' title="bbox 828 1883 1480 1922; baseline -0.003 -8"><span class='ocrx_word' id='word_1_230' title='bbox 828 1884 967 1922; x_wconf 65' lang='lat' dir='ltr'><strong>Trieves,</strong></span> <span class='ocrx_word' id='word_1_231' title='bbox 980 1884 1053 1914; x_wconf 84' lang='lat' dir='ltr'><strong>that</strong></span> <span class='ocrx_word' id='word_1_232' title='bbox 1071 1884 1162 1914; x_wconf 85' lang='lat' dir='ltr'><strong>there</strong></span> <span class='ocrx_word' id='word_1_233' title='bbox 1182 1883 1245 1913; x_wconf 81' lang='lat' dir='ltr'><strong>had</strong></span> <span class='ocrx_word' id='word_1_234' title='bbox 1269 1884 1351 1913; x_wconf 89' lang='lat' dir='ltr'><strong>been</strong></span> <span class='ocrx_word' id='word_1_235' title='bbox 1375 1883 1409 1912; x_wconf 88' lang='lat' dir='ltr'><strong>in</strong></span> <span class='ocrx_word' id='word_1_236' title='bbox 1429 1883 1480 1912; x_wconf 87' lang='lat' dir='ltr'><strong>his</strong></span> 
     </span>
    </p>
   </div>
   <div class='ocr_carea' id='block_1_15' title="bbox 834 1933 1480 2719">
    <p class='ocr_par' dir='ltr' id='par_1_15' title="bbox 836 1933 1480 2023">
     <span class='ocr_line' id='line_1_43' title="bbox 836 1933 1480 1964; baseline 0.002 -1"><span class='ocrx_word' id='word_1_237' title='bbox 836 1934 939 1964; x_wconf 81' lang='lat' dir='ltr'><strong>hands</strong></span> <span class='ocrx_word' id='word_1_238' title='bbox 970 1934 1049 1964; x_wconf 73' lang='lat' dir='ltr'><strong>duos</strong></span> <span class='ocrx_word' id='word_1_239' title='bbox 1080 1934 1273 1964; x_wconf 82' lang='lat' dir='ltr'><strong>Tertulliani</strong></span> <span class='ocrx_word' id='word_1_240' title='bbox 1299 1933 1399 1964; x_wconf 74' lang='lat' dir='ltr'><strong>libros</strong></span> <span class='ocrx_word' id='word_1_241' title='bbox 1425 1933 1480 1964; x_wconf 83' lang='lat' dir='ltr'><strong>De</strong></span> 
     </span>
     <span class='ocr_line' id='line_1_44' title="bbox 838 1984 1044 2023; baseline 0 -9"><span class='ocrx_word' id='word_1_242' title='bbox 838 1984 1044 2023; x_wconf 79' lang='lat' dir='ltr'><strong>Spectaculis.</strong></span> 
     </span>
    </p>

    <p class='ocr_par' dir='ltr' id='par_1_16' title="bbox 835 2033 1479 2316">
     <span class='ocr_line' id='line_1_45' title="bbox 899 2033 1479 2074; baseline 0 -10"><span class='ocrx_word' id='word_1_243' title='bbox 899 2034 958 2064; x_wconf 89' lang='lat' dir='ltr'><strong>Ch.</strong></span> <span class='ocrx_word' id='word_1_244' title='bbox 978 2035 1004 2065; x_wconf 89' lang='grc' dir='ltr'><strong>Ι.</strong></span> <span class='ocrx_word' id='word_1_245' title='bbox 1040 2033 1055 2052; x_wconf 77' lang='lat'><strong>⁹</strong></span> <span class='ocrx_word' id='word_1_246' title='bbox 1067 2034 1123 2074; x_wconf 83' lang='lat' dir='ltr'><strong>qui</strong></span> <span class='ocrx_word' id='word_1_247' title='bbox 1137 2043 1205 2064; x_wconf 84' lang='lat' dir='ltr'><strong>cum</strong></span> <span class='ocrx_word' id='word_1_248' title='bbox 1217 2034 1362 2071; x_wconf 76' lang='lat' dir='ltr'><strong>maxime,</strong></span> <span class='ocrx_word' id='word_1_249' title='bbox 1380 2033 1479 2064; x_wconf 86' lang='lat' dir='ltr'><strong>Cate-</strong></span> 
     </span>
     <span class='ocr_line' id='line_1_46' title="bbox 836 2083 1478 2123; baseline -0.002 -9"><span class='ocrx_word' id='word_1_250' title='bbox 836 2084 1010 2122; x_wconf 85' lang='lat' dir='ltr'><strong>chumens;</strong></span> <span class='ocrx_word' id='word_1_251' title='bbox 1032 2084 1088 2123; x_wconf 81' lang='lat' dir='ltr'><strong>qui</strong></span> <span class='ocrx_word' id='word_1_252' title='bbox 1102 2083 1176 2122; x_wconf 81' lang='lat' dir='ltr'><strong>jam</strong></span> <span class='ocrx_word' id='word_1_253' title='bbox 1200 2084 1405 2114; x_wconf 73' lang='lat' dir='ltr'><strong>accessisse...</strong></span> <span class='ocrx_word' id='word_1_254' title='bbox 1422 2084 1478 2114; x_wconf 85' lang='lat' dir='ltr'><strong>the</strong></span> 
     </span>
     <span class='ocr_line' id='line_1_47' title="bbox 836 2133 1476 2173; baseline 0.003 -9"><span class='ocrx_word' id='word_1_255' title='bbox 836 2134 999 2173; x_wconf 83' lang='lat' dir='ltr'><strong>baptized.</strong></span> <span class='ocrx_word' id='word_1_256' title='bbox 1041 2133 1160 2173; x_wconf 90' lang='lat' dir='ltr'><strong>Comp.</strong></span> <span class='ocrx_word' id='word_1_257' title='bbox 1187 2133 1239 2163; x_wconf 88' lang='lat' dir='ltr'><strong>De</strong></span> <span class='ocrx_word' id='word_1_258' title='bbox 1264 2134 1346 2163; x_wconf 88' lang='lat' dir='ltr'><strong>Idol.</strong></span> <span class='ocrx_word' id='word_1_259' title='bbox 1371 2143 1399 2163; x_wconf 86' lang='lat' dir='ltr'><strong>c.</strong></span> <span class='ocrx_word' id='word_1_260' title='bbox 1421 2144 1476 2172; x_wconf 85' lang='lat'><strong>24:</strong></span> 
     </span>
     <span class='ocr_line' id='line_1_48' title="bbox 837 2183 1478 2225; baseline -0.002 -11"><span class='ocrx_word' id='word_1_261' title='bbox 837 2185 904 2215; x_wconf 79' lang='lat' dir='ltr'><strong>hoec</strong></span> <span class='ocrx_word' id='word_1_262' title='bbox 930 2184 1146 2225; x_wconf 62' lang='lat' dir='ltr'><strong>accedentibus</strong></span> <span class='ocrx_word' id='word_1_263' title='bbox 1171 2183 1217 2213; x_wconf 86' lang='lat' dir='ltr'><strong>ad</strong></span> <span class='ocrx_word' id='word_1_264' title='bbox 1233 2184 1334 2222; x_wconf 85' lang='lat' dir='ltr'><strong>fidem</strong></span> <span class='ocrx_word' id='word_1_265' title='bbox 1354 2193 1478 2223; x_wconf 85' lang='lat' dir='ltr'><strong>propo-</strong></span> 
     </span>
     <span class='ocr_line' id='line_1_49' title="bbox 835 2233 1478 2274; baseline -0.002 -10"><span class='ocrx_word' id='word_1_266' title='bbox 835 2234 939 2265; x_wconf 84' lang='lat' dir='ltr'><strong>nenda</strong></span> <span class='ocrx_word' id='word_1_267' title='bbox 958 2238 988 2264; x_wconf 84' lang='lat' dir='ltr'><strong>et</strong></span> <span class='ocrx_word' id='word_1_268' title='bbox 1007 2233 1252 2274; x_wconf 80' lang='lat' dir='ltr'><strong>inqredientibus</strong></span> <span class='ocrx_word' id='word_1_269' title='bbox 1272 2234 1305 2263; x_wconf 82' lang='lat' dir='ltr'><strong>in</strong></span> <span class='ocrx_word' id='word_1_270' title='bbox 1312 2234 1414 2272; x_wconf 87' lang='lat' dir='ltr'><strong>fidem</strong></span> <span class='ocrx_word' id='word_1_271' title='bbox 1427 2234 1478 2264; x_wconf 78' lang='lat' dir='ltr'><strong>in-</strong></span> 
     </span>
     <span class='ocr_line' id='line_1_50' title="bbox 836 2285 1060 2316; baseline 0 -1"><span class='ocrx_word' id='word_1_272' title='bbox 836 2285 993 2316; x_wconf 85' lang='lat' dir='ltr'><strong>culcanda</strong></span> <span class='ocrx_word' id='word_1_273' title='bbox 1006 2288 1060 2315; x_wconf 76' lang='lat' dir='ltr'><strong>est.</strong></span> 
     </span>
    </p>

    <p class='ocr_par' dir='ltr' id='par_1_17' title="bbox 834 2333 1480 2719">
     <span class='ocr_line' id='line_1_51' title="bbox 894 2333 1478 2372; baseline 0 -7"><span class='ocrx_word' id='word_1_274' title='bbox 894 2335 909 2354; x_wconf 79' lang='lat'><strong>⁸</strong></span> <span class='ocrx_word' id='word_1_275' title='bbox 930 2339 1020 2365; x_wconf 78' lang='lat' dir='ltr'><strong>tanta</strong></span> <span class='ocrx_word' id='word_1_276' title='bbox 1031 2338 1075 2365; x_wconf 75' lang='lat' dir='ltr'><strong>est</strong></span> <span class='ocrx_word' id='word_1_277' title='bbox 1085 2335 1133 2364; x_wconf 77' lang='lat' dir='ltr'><strong>vis</strong></span> <span class='ocrx_word' id='word_1_278' title='bbox 1143 2333 1374 2372; x_wconf 77' lang='lat' dir='ltr'><strong>voluptatum...</strong></span> <span class='ocrx_word' id='word_1_279' title='bbox 1385 2334 1478 2365; x_wconf 82' lang='lat' dir='ltr'><strong>‘such</strong></span> 
     </span>
     <span class='ocr_line' id='line_1_52' title="bbox 834 2384 1476 2423; baseline -0.003 -7"><span class='ocrx_word' id='word_1_280' title='bbox 834 2386 862 2416; x_wconf 86' lang='lat' dir='ltr'><strong>is</strong></span> <span class='ocrx_word' id='word_1_281' title='bbox 876 2386 932 2416; x_wconf 84' lang='lat' dir='ltr'><strong>the</strong></span> <span class='ocrx_word' id='word_1_282' title='bbox 952 2386 1040 2415; x_wconf 85' lang='lat' dir='ltr'><strong>force</strong></span> <span class='ocrx_word' id='word_1_283' title='bbox 1062 2385 1098 2414; x_wconf 84' lang='lat' dir='ltr'><strong>of</strong></span> <span class='ocrx_word' id='word_1_284' title='bbox 1115 2384 1262 2423; x_wconf 79' lang='lat' dir='ltr'><strong>pleasure</strong></span> <span class='ocrx_word' id='word_1_285' title='bbox 1279 2384 1351 2414; x_wconf 83' lang='lat' dir='ltr'><strong>that</strong></span> <span class='ocrx_word' id='word_1_286' title='bbox 1370 2384 1397 2414; x_wconf 84' lang='lat' dir='ltr'><strong>it</strong></span> <span class='ocrx_word' id='word_1_287' title='bbox 1416 2384 1476 2414; x_wconf 91' lang='lat' dir='ltr'><strong>im-</strong></span> 
     </span>
     <span class='ocr_line' id='line_1_53' title="bbox 835 2434 1477 2476; baseline 0 -10"><span class='ocrx_word' id='word_1_288' title='bbox 835 2437 906 2476; x_wconf 87' lang='lat' dir='ltr'><strong>pels</strong></span> <span class='ocrx_word' id='word_1_289' title='bbox 927 2436 1100 2475; x_wconf 82' lang='lat' dir='ltr'><strong>ignorance</strong></span> <span class='ocrx_word' id='word_1_290' title='bbox 1117 2437 1152 2464; x_wconf 85' lang='lat' dir='ltr'><strong>to</strong></span> <span class='ocrx_word' id='word_1_291' title='bbox 1176 2434 1251 2464; x_wconf 76' lang='lat' dir='ltr'><strong>take</strong></span> <span class='ocrx_word' id='word_1_292' title='bbox 1275 2435 1421 2464; x_wconf 84' lang='lat' dir='ltr'><strong>occasion</strong></span> <span class='ocrx_word' id='word_1_293' title='bbox 1442 2438 1477 2466; x_wconf 90' lang='lat' dir='ltr'><strong>to</strong></span> 
     </span>
     <span class='ocr_line' id='line_1_54' title="bbox 836 2484 1478 2525; baseline -0.002 -8"><span class='ocrx_word' id='word_1_294' title='bbox 836 2488 896 2525; x_wconf 86' lang='lat' dir='ltr'><strong>sin,</strong></span> <span class='ocrx_word' id='word_1_295' title='bbox 908 2486 971 2516; x_wconf 82' lang='lat' dir='ltr'><strong>and</strong></span> <span class='ocrx_word' id='word_1_296' title='bbox 986 2485 1092 2515; x_wconf 87' lang='lat' dir='ltr'><strong>bribes</strong></span> <span class='ocrx_word' id='word_1_297' title='bbox 1105 2484 1285 2514; x_wconf 85' lang='lat' dir='ltr'><strong>conviction</strong></span> <span class='ocrx_word' id='word_1_298' title='bbox 1297 2487 1332 2514; x_wconf 88' lang='lat' dir='ltr'><strong>to</strong></span> <span class='ocrx_word' id='word_1_299' title='bbox 1346 2485 1422 2516; x_wconf 87' lang='lat' dir='ltr'><strong>shnt</strong></span> <span class='ocrx_word' id='word_1_300' title='bbox 1435 2486 1478 2516; x_wconf 82' lang='lat' dir='ltr'><strong>its</strong></span> 
     </span>
     <span class='ocr_line' id='line_1_55' title="bbox 838 2534 1477 2576; baseline 0 -9"><span class='ocrx_word' id='word_1_301' title='bbox 838 2546 909 2576; x_wconf 83' lang='lat' dir='ltr'><strong>eyes</strong></span> <span class='ocrx_word' id='word_1_302' title='bbox 930 2539 965 2566; x_wconf 86' lang='lat' dir='ltr'><strong>to</strong></span> <span class='ocrx_word' id='word_1_303' title='bbox 986 2534 1093 2574; x_wconf 68' lang='lat' dir='ltr'><strong>guilt’</strong></span> <span class='ocrx_word' id='word_1_304' title='bbox 1138 2534 1254 2573; x_wconf 87' lang='lat' dir='ltr'><strong>comp.</strong></span> <span class='ocrx_word' id='word_1_305' title='bbox 1276 2534 1327 2564; x_wconf 86' lang='lat' dir='ltr'><strong>De</strong></span> <span class='ocrx_word' id='word_1_306' title='bbox 1350 2535 1431 2566; x_wconf 90' lang='lat' dir='ltr'><strong>Idol.</strong></span> <span class='ocrx_word' id='word_1_307' title='bbox 1448 2545 1477 2567; x_wconf 91' lang='lat' dir='ltr'><strong>c.</strong></span> 
     </span>
     <span class='ocr_line' id='line_1_56' title="bbox 838 2584 1480 2626; baseline 0 -10"><span class='ocrx_word' id='word_1_308' title='bbox 838 2597 855 2619; x_wconf 88' lang='lat'>2</span> <span class='ocrx_word' id='word_1_309' title='bbox 868 2597 875 2616; x_wconf 93' lang='lat'><strong>:</strong></span> <span class='ocrx_word' id='word_1_310' title='bbox 896 2585 1044 2626; x_wconf 81' lang='lat' dir='ltr'><strong>quoniam</strong></span> <span class='ocrx_word' id='word_1_311' title='bbox 1059 2584 1270 2624; x_wconf 69' lang='lat' dir='ltr'><strong>multifariam</strong></span> <span class='ocrx_word' id='word_1_312' title='bbox 1284 2594 1390 2616; x_wconf 73' lang='lat' dir='ltr'><strong>servos</strong></span> <span class='ocrx_word' id='word_1_313' title='bbox 1402 2585 1480 2624; x_wconf 86' lang='lat' dir='ltr'><strong>Dei,</strong></span> 
     </span>
     <span class='ocr_line' id='line_1_57' title="bbox 835 2634 1480 2674; baseline 0 -7"><span class='ocrx_word' id='word_1_314' title='bbox 835 2646 891 2667; x_wconf 84' lang='lat' dir='ltr'><strong>nec</strong></span> <span class='ocrx_word' id='word_1_315' title='bbox 907 2638 1027 2666; x_wconf 74' lang='lat' dir='ltr'><strong>lantum</strong></span> <span class='ocrx_word' id='word_1_316' title='bbox 1041 2635 1192 2674; x_wconf 74' lang='lat' dir='ltr'><strong>iquoraea</strong></span> <span class='ocrx_word' id='word_1_317' title='bbox 1207 2634 1263 2665; x_wconf 75' lang='lat' dir='ltr'><strong>sed</strong></span> <span class='ocrx_word' id='word_1_318' title='bbox 1275 2635 1371 2666; x_wconf 75' lang='lat' dir='ltr'><strong>etiam</strong></span> <span class='ocrx_word' id='word_1_319' title='bbox 1385 2635 1480 2667; x_wconf 72' lang='lat' dir='ltr'><strong>diesi-</strong></span> 
     </span>
     <span class='ocr_line' id='line_1_58' title="bbox 836 2685 1134 2719; baseline -0.013 0"><span class='ocrx_word' id='word_1_320' title='bbox 836 2687 959 2719; x_wconf 78' lang='lat' dir='ltr'><strong>mutata</strong></span> <span class='ocrx_word' id='word_1_321' title='bbox 973 2685 1134 2716; x_wconf 69' lang='lat' dir='ltr'><strong>subvertit.</strong></span> 
     </span>
    </p>
   </div>
   <div class='ocr_carea' id='block_1_16' title="bbox 1317 2742 1342 2784">
    <p class='ocr_par' dir='ltr' id='par_1_18' title="bbox 1317 2742 1342 2784">
     <span class='ocr_line' id='line_1_59' title="bbox 1317 2742 1342 2784; baseline 0 0"><span class='ocrx_word' id='word_1_322' title='bbox 1317 2742 1342 2784; x_wconf 92' lang='lat'>1</span> 
     </span>
    </p>
   </div>
  </div>
 </body>
</html>
