1812 2956
508 173 599 214 'DE
630 173 1080 214 IDOLOLATRIA.
1106 167 1111 171 “
1419 162 1474 211 '65

128 310 320 353 severat.
389 307 643 352 Possumus
672 307 817 364 igitur
838 321 998 351 omnes
1018 306 1067 349 in
1090 305 1296 363 peccatis
1319 319 1472 362 perse·
1511 318 1611 349 CAP.
1626 318 1669 349 v.

125 392 288 429 verare
311 400 370 430 cx
392 385 483 429 ista
502 384 903 442 interpretatione.
956 384 1060 429 Nec
1082 383 1206 428 enim
1231 383 1473 439 quisquam

125 466 337 506 nost-rum
365 478 460 508 non
490 467 713 520 peccator
747 464 963 507 inventus
996 466 1081 514 est,
1117 476 1225 506 cum
1261 461 1475 505 Christus

126 554 221 584 non
257 541 348 585 alia
378 557 439 587 ex
475 557 615 587 causa
649 541 962 592 descenderit,
996 556 1136 596 quam
1172 543 1474 597 peccatorum
1491 552 1664 578 mim-115-

571 621 696 664 Item
741 619 945 663 eundem
989 618 1267 676 praecepisse
1311 617 1474 661 dicunt
1491 627 1651 684 {lsshesaiv-

123 617 485 664 liberandorum.

125 696 382 740 secundum
409 711 543 741 suum
572 696 851 753 exemplum,
889 699 943 739 ut
969 696 1182 739 manibus
1212 695 1306 739 suis
1337 709 1477 738 unus-

126 773 321 830 quisque
359 778 582 832 operetur
628 775 690 818 ad
723 774 910 818 victum.
982 774 1031 817 Si
1067 774 1157 817 hoc
1192 766 1478 830 praeceptum

124 851 184 895 ab
224 851 438 896 omnibus
481 852 693 896 manibus
734 850 1018 902 defenditur,
1057 851 1202 894 credo
1250 854 1302 894 et
1346 850 1475 893 fures

124 930 419 975 balneatores
446 930 659 974 manibus
688 930 782 974 suis
811 930 978 980 vivere,
1021 932 1071 973 et
1104 929 1229 986 ipsos
1267 929 1474 972 latrones

123 1007 337 1052 manibus
359 1022 502 1065 agere
527 1023 620 1064 quo
638 1007 807 1058 vivant,
826 1007 942 1051 item
960 1006 1171 1051 falsarios
1193 1006 1356 1062 utique
1379 1021 1475 1050 non

122 1084 334 1142 pedibus,
378 1085 464 1130 sed
499 1085 713 1130 manibus
748 1084 932 1142 operari
969 1084 1114 1129 malas
1147 1084 1344 1135 litteras,
1383 1084 1475 1128 his-

122 1161 301 1207 triones
328 1178 440 1207 vero
470 1178 566 1207 non
596 1163 809 1207 manibus
833 1163 956 1213 solis,
981 1162 1066 1206 sed
1088 1162 1202 1206 totis
1226 1161 1473 1205 membris4

122 1240 298 1285 victum
332 1240 584 1285 elaborare.

655 1241 826 1285 Pateat
853 1240 998 1297 igitur
1021 1240 1220 1284 ecclesia
1243 1240 1470 1291 omnibus,

125 1317 206 1373 qui
232 1317 446 1362 manibus
478 1323 528 1362 et
559 1333 643 1362 suo
674 1333 816 1375 opere
851 1317 1124 1369 tolerantur,
1164 1317 1202 1360 si
1234 1317 1360 1360 nulla
1394 1332 1474 1361 ex-

124 1395 304 1453 ceptio⁵
336 1399 409 1440 est
436 1396 606 1439 artium
639 1410 752 1451 quas
776 1395 870 1438 Dei
901 1395 1143 1458 disciplina
1172 1410 1266 1438 non
1289 1394 1471 1451 recipit.

126 1474 222 1519 Sed
256 1473 324 1518 ait
366 1473 556 1530 quidam
597 1474 820 1517 adversus
858 1473 1172 1517 similitudinis
1207 1473 1472 1517 interdictae

123 1551 501 1609 propositionem,
541 1551 636 1595 Cur
676 1566 790 1607 ergo
827 1551 986 1595 Moses
1022 1550 1071 1593 in
1115 1565 1274 1594 eremo
1319 1550 1473 1594 simul·
1490 1560 1692 1587 Numb-xxi-9-

124 1632 284 1674 acrum
312 1629 564 1688 serpentis⁶
597 1644 658 1674 ex
690 1644 780 1673 aere
817 1627 970 1673 fecit?
1041 1628 1260 1673 Seorsum
1297 1629 1472 1685 figurae,

126 1759 155 1787 a,
168 1759 208 1788 40
221 1749 274 1789 (de
289 1749 387 1790 episc.
402 1749 514 1789 cccl.):
535 1749 683 1780 districta
702 1759 765 1780 mo-

124 1799 512 1840 derationeproeembere.
551 1799 635 1831 Ibid.
659 1808 696 1831 x.
719 1810 766 1838 10,

126 1859 144 1888 3
155 1849 215 1890 (de
227 1849 354 1889 petit.):
363 1850 559 1881 severitatem
578 1850 766 1880 districtam.

124 1899 312 1940 Hieronym.
335 1899 440 1939 Epist.
458 1908 562 1932 xxu:
591 1899 767 1930 districtius

124 1949 239 1980 vivere.
273 1949 402 1989 Ulpian.
426 1949 557 1989 Digest.
579 1957 633 1979 111.
657 1959 686 1988 3,
709 1959 766 1988 13:

124 2000 223 2039 neque
235 1999 378 2030 districte
390 1999 584 2039 deneqanda.
622 1997 707 2029 Ibid.
719 2007 768 2030 ιν.

125 2051 156 2088 8,
173 2058 229 2089 15:
249 2050 323 2081 licet
339 2053 465 2090 praetor
486 2049 628 2080 dictricte
649 2050 765 2080 edicat.

126 2099 270 2132 Cassian.
292 2099 412 2131 Collat.
435 2111 459 2130 1.
475 2108 511 2139 7:
532 2100 768 2130 sollemnitatem

125 2153 239 2181 nostrae
266 2149 476 2180 districtionis
502 2158 564 2180 non
590 2150 768 2189 poterimus

125 2199 276 2240 implere!
310 2200 424 2231 01:111..

184 2249 199 2269 ⁸
218 2251 322 2281 vivere
342 2260 417 2291 eryo
431 2250 526 2281 habes
537 2249 591 2282 P...
620 2250 688 2281 ‘To
702 2250 766 2281 live

126 2301 204 2331 then
217 2301 246 2331 is
258 2310 366 2341 yours.
395 2301 462 2332 But
476 2302 504 2331 if
519 2302 545 2332 it
559 2301 586 2331 is
599 2304 635 2332 to
648 2302 711 2332 live
725 2302 767 2341 by

125 2359 207 2390 your
218 2359 291 2381 own
305 2350 395 2389 lnws,
408 2361 471 2391 you
485 2352 565 2382 have
580 2351 718 2391 nothing
731 2355 766 2381 to

126 2401 169 2431 do
201 2400 282 2431 with
317 2400 413 2432 God.'
469 2401 540 2431 The
572 2401 768 2431 idol-maker

126 2451 248 2490 pleads,
265 2449 283 2481 I
297 2451 376 2482 have
390 2451 465 2491 only
478 2461 531 2491 my
546 2452 637 2482 trade
655 2454 689 2482 to
704 2451 767 2481 live

126 2501 179 2541 by.
214 2500 340 2531 Tel-tul.
355 2510 506 2538 answers,
521 2501 570 2531 To
590 2501 652 2532 live
669 2502 696 2531 is
709 2504 768 2531 not

125 2551 274 2591 all—you
300 2554 387 2581 must
410 2551 474 2582 live
499 2552 542 2591 by
571 2551 674 2582 God's
693 2551 767 2589 law,

126 2601 156 2632 if
173 2610 237 2642 you
257 2610 312 2631 are
332 2604 369 2631 to
388 2601 468 2632 have
489 2611 551 2642 any
572 2602 702 2641 portion
729 2602 763 2632 in

130 2651 216 2683 God.
243 2651 344 2682 vivere
359 2651 464 2688 habes,
478 2660 513 2681 as
530 2651 591 2691 ζῆν
604 2651 705 2691 ἔχεις,
715 2652 768 2682 for

122 2701 225 2734 mitam
239 2701 343 2731 habes.
372 2701 472 2740 Apul.
483 2701 580 2741 Apol.
595 2710 622 2732 c.
638 2703 695 2734 28:
710 2701 767 2731 ha-

126 2751 216 2783 beam
227 2751 341 2783 dicere.
369 2751 526 2783 Prudent.
544 2751 629 2783 Adv.
645 2750 766 2791 Symm.

831 1758 871 1781 1¹.
896 1757 971 1789 795:
999 1758 1055 1780 nec
1078 1749 1192 1779 habent
1213 1748 1388 1780 discernere
1410 1749 1476 1779 dis-

825 1809 894 1839 par
922 1799 1082 1841 Viventum
1107 1799 1261 1830 meritum.
1305 1799 1402 1829 Oehl.
1432 1808 1475 1828 on

831 1849 884 1880 ΒΘ
907 1849 1001 1889 Fuga
1022 1849 1056 1878 in
1080 1848 1207 1880 Perseo.
1233 1858 1260 1879 c.
1286 1859 1333 1885 12,
1355 1851 1472 1887 quotes

830 1899 914 1929 from
929 1898 1055 1929 Tertul.
1078 1897 1222 1937 Apolog.
1240 1907 1268 1928 c.
1290 1908 1339 1934 22,
1360 1898 1475 1928 habent

831 1944 954 1988 sapere.
1002 1948 1054 1978 ΒΘ
1077 1948 1160 1978 Hab.
1183 1948 1265 1978 Mul.
1292 1957 1320 1978 c.
1343 1958 1372 1984 1,
1391 1948 1475 1978 mori

833 1999 952 2036 habuit,
968 1998 1031 2028 and
1046 2007 1140 2037 many
1155 1997 1250 2027 other
1262 1997 1434 2027 instances.

891 2049 904 2068 ⁴
918 2049 993 2079 totis
1005 2047 1158 2078 membris.
1175 2047 1290 2085 Comp.
1301 2047 1353 2077 ΒΘ
1363 2047 1471 2086 Spect.

833 2108 860 2130 c.
878 2108 932 2138 17:
957 2108 1052 2138 quam
1071 2098 1204 2137 denique
1218 2097 1432 2136 pantomimus
1450 2105 1474 2127 α

827 2149 972 2189 pueritia
981 2149 1108 2188 patitur
1116 2148 1149 2177 in
1158 2156 1299 2186 corpore,
1309 2151 1343 2177 ut
1352 2147 1474 2186 artifex

832 2199 1018 2239 essepossit.
1060 2198 1144 2228 Plin.
1165 2197 1228 2237 Ep.
1242 2206 1306 2227 vn.
1322 2206 1381 2234 24:
1402 2206 1475 2227 cur-

832 2250 983 2286 sitabant,
994 2248 1204 2285 exsultabant,
1212 2246 1423 2285 mirabantur,
1435 2256 1475 2278 ac

833 2300 945 2330 deinde
962 2299 1104 2339 sinqulos
1125 2302 1228 2339 qesta-⁹
1248 2298 1383 2328 dominoe
1407 2306 1476 2328 cum

833 2350 966 2381 canticis
978 2350 1121 2383 edebant.

896 2399 910 2418 ⁶
929 2399 1081 2439 exceptio,
1104 2400 1144 2428 ‘a
1169 2398 1252 2428 class
1274 2406 1312 2427 or
1334 2397 1476 2427 subdivi-

833 2448 927 2480 sion.'
970 2450 1093 2480 Arnob.
1108 2457 1172 2480 vn.
1184 2458 1216 2488 p.
1234 2458 1309 2479 220:
1333 2447 1371 2478 Si
1384 2447 1475 2478 modo

835 2500 896 2530 Dii
910 2499 978 2531 veri
985 2503 1068 2537 sunt,
1079 2502 1174 2539 atque
1188 2499 1222 2529 in
1235 2498 1370 2529 nominis
1383 2499 1477 2537 Inv'ue

833 2550 1010 2590 exceptione
1018 2549 1168 2589 ponendi.

893 2599 907 2619 θ
926 2599 1130 2630 simulacrum
1155 2599 1320 2639 serpentia.
1361 2597 1474 2629 Justin

833 2651 959 2690 Martyr
973 2649 1105 2689 (Tryph.
1118 2658 1153 2688 p.
1174 2659 1241 2689 321,
1255 2649 1300 2688 E.)
1316 2650 1379 2679 and
1395 2649 1476 2679 Ter-

833 2701 895 2731 tul.
925 2700 1026 2740 (Adv.
1049 2699 1191 2737 Judaeos,
1214 2708 1241 2730 c.
1269 2699 1323 2738 ιο)
1346 2699 1475 2738 explain

833 2751 890 2782 the
916 2751 1032 2781 brazen
1066 2752 1197 2790 serpent
1224 2758 1260 2780 as
1286 2759 1306 2780 a
1332 2753 1409 2790 type
1441 2749 1478 2779 of
