1812 2956
519 182 606 219 DE
635 182 784 220 IDOL
794 181 1077 220 OLATRIA.

1385 177 1469 220 103

125 309 246 355 sicut
290 311 459 364 David,
496 327 602 357 cum
643 314 756 358 deos
797 314 1095 365 nominasset,
1135 314 1216 357 ubi
1256 314 1335 365 ait,
1375 313 1471 358 Dei
1492 325 1593 357 CAP.
1609 325 1695 357 XX.

125 391 284 433 autem
318 389 560 434 nationum
597 391 835 436 daemonia.

126 466 317 522 quentia
339 468 488 525 magis
510 472 837 525 praestructum
867 472 951 513 est.

908 392 1002 436 Sed
1038 392 1128 435 hoc
1166 391 1280 434 mihi
1314 391 1376 435 ad
1403 406 1472 436 se-

1025 468 1248 513 Ceterum
1278 484 1474 513 consue-

123 542 300 589 tudinis
322 544 485 588 vitium
507 549 579 589 est
602 546 872 591 Mehercule
897 547 1068 597 dicere,
1094 546 1282 590 Medius
1298 546 1471 598 Fidius,

126 621 382 667 accedente
403 623 666 681 ignorantia
691 626 996 682 quorundam,
1025 625 1104 681 qui
1130 625 1349 682 ignorant
1375 625 1473 681 jus-

117 698 372 756 jurandum
413 715 514 745 esse
553 716 638 758 per
684 702 951 746 Herculem.

1038 703 1188 746 Porro
1231 702 1344 757 quid
1382 702 1474 746 erit

127 775 355 832 dejeratio
382 792 467 834 per
498 793 579 822 eos
604 793 720 834 quos
745 780 946 836 ejerasti,
970 778 1132 835 quam⁷
1150 779 1471 836 praevaricatio

126 853 236 897 fidei
259 868 366 898 cum
397 854 699 900 idololatria?
734 857 835 912 quis
863 857 1000 907 enim,
1024 871 1108 913 per
1137 870 1252 911 quos
1279 856 1471 913 dejerat,

126 945 221 977 non
243 930 443 975 honorat
455 933 479 975 P

1491 407 1535 434 ΡΒ.
1547 408 1617 435 xcvi.
1631 407 1653 432 1.

229 1005 514 1052 Timiditatis
552 1012 625 1052 est
658 1013 829 1060 autem,
862 1024 969 1054 cum
1006 1013 1055 1054 te
1087 1010 1203 1055 alius
1240 1025 1325 1068 per
1361 1010 1474 1054 deos
1516 1016 1671 1049 C-XXI·

127 1096 235 1128 suos
269 1083 447 1142 obligat
474 1085 714 1142 juratione
748 1087 821 1131 vel
856 1088 1011 1144 aliqua
1044 1089 1389 1139 testificatione,
1427 1091 1477 1133 et
1495 1099 1630 1124 Wemust
1640 1100 1690 1124 not

1494 1130 1527 1155 be
1536 1130 1581 1155 led
1591 1131 1664 1155 astra

126 1163 194 1212 tn,
217 1175 277 1205 ne
299 1161 572 1219 intelligaris
582 1165 608 1218 ¹,
635 1164 844 1219 quiescis.
892 1165 1017 1208 Nam
1039 1180 1173 1221 aeque
1192 1164 1474 1221 quiescendo
1493 1160 1686 1227 Efflgffiess'ss‘fft

127 1237 372 1283 confirmas
395 1239 690 1296 maiestatem
713 1256 888 1292 eorum,
921 1242 1051 1298 cujus
1080 1257 1220 1286 causa
1242 1242 1475 1285 videberis
1493 1221 1681 1282 {fflssgssffissi‘

128 1314 373 1372 obligatus.

453 1317 579 1368 Quid
621 1317 781 1369 refert,
830 1319 944 1362 deos
987 1319 1229 1363 nationum
1274 1319 1475 1363 dicendo

1494 1282 1559 1313 they
1566 1289 1650 1307 swear
1661 1282 1699 1313 by

1493 1313 1559 1338 false
1570 1313 1643 1343 gods,
1655 1319 1688 1337 or

1493 1343 1592 1368 shewin
1615 1350 1700 1375 anger

1493 1374 1572 1399 when
1583 1376 1595 1398 t
1615 1379 1648 1404 ey

128 1389 242 1434 deos
265 1405 324 1433 an
348 1390 583 1435 audiendo
607 1393 851 1436 confirmes
865 1393 889 1436 ‘2
908 1393 1039 1450 jures
1062 1409 1147 1451 per
1167 1394 1306 1446 idola,
1331 1409 1390 1438 an
1415 1395 1474 1439 ab
1493 1411 1571 1429 curse
1581 1411 1615 1429 1¹⁸
1624 1404 1661 1434 by

127 1466 220 1512 alio
259 1467 498 1525 adjuratus
535 1470 840 1525 acquiescas?
911 1471 1007 1514 Cur
1040 1486 1135 1515 non
1170 1487 1477 1529 agnoscamus

127 1545 352 1590 versutias
400 1546 596 1598 Satanae,
637 1547 729 1603 qui,
765 1548 891 1603 quod
931 1563 1013 1593 ore
1053 1553 1215 1593 nostro
1252 1551 1477 1607 perficere

127 1637 222 1672 non
259 1627 428 1680 potest,
464 1623 515 1667 id
552 1625 664 1681 agit,
706 1629 760 1668 ut
796 1641 985 1670 suorum
1024 1642 1105 1671 ore
1147 1628 1358 1684 perficiat
1391 1642 1477 1685 per

127 1714 264 1745 aures
285 1701 489 1745 inferens
512 1703 646 1746 nobis
674 1702 1024 1748 idololatriam?
1096 1705 1237 1748 Certe
1270 1705 1476 1761 quisquis

127 1776 206 1821 ille
220 1782 305 1830 est,
319 1782 402 1822 aut
419 1780 568 1823 amica
588 1783 670 1823 aut
687 1780 874 1825 inimica
893 1783 1222 1839 congressione
1245 1783 1474 1840 astringit.

131 1854 182 1900 Si
219 1855 419 1907 inimica,
457 1857 558 1913 jam
594 1857 656 1900 ad
688 1872 892 1914 pugnam
938 1860 1129 1910 vocaris,
1168 1863 1218 1903 et
1256 1860 1345 1903 scis
1389 1860 1477 1903 tibi

130 1931 446 1976 dimicandum
493 1948 621 1977 esse:
668 1934 706 1977 si
749 1936 911 1986 amica,
960 1940 1134 1991 quanto
1182 1936 1387 1979 securius
1427 1937 1477 1979 in

130 2007 385 2066 Dominum
408 2010 660 2054 transferes
678 2012 998 2068 sponsionem²
1014 2017 1158 2063 tuam,
1176 2017 1230 2068 ut
1255 2013 1476 2057 dissolvas

123 2128 301 2169 prasertim
313 2138 407 2168 quum
426 2128 469 2158 sit
482 2128 644 2167 agendum.
685 2129 770 2159 Ibid.

131 2187 171 2210 u.
186 2188 241 2217 491
254 2190 262 2209 ι
281 2179 467 2209 Addendum
475 2182 587 2218 partes
600 2179 686 2209 alias
700 2180 768 2210 em't.

69 2230 76 2235 '
133 2229 229 2260 Oehl.
242 2231 356 2268 quotes
364 2229 416 2259 De
432 2229 511 2259 Pau.
527 2239 554 2259 c.
570 2238 606 2266 4:
627 2229 770 2268 Physco-

130 2288 198 2310 nem
211 2282 241 2309 et
250 2278 511 2318 Sardanapalum
524 2278 685 2309 tacendum
699 2279 770 2309 erit.

191 2328 205 2350 ⁷
224 2329 304 2370 quid
314 2330 518 2369 numquam.
557 2329 616 2360 See
630 2329 681 2359 De
694 2329 770 2359 Cor.

131 2387 158 2411 ο.
174 2388 222 2417 14,
234 2388 267 2410 n.
284 2389 312 2418 3.

193 2440 254 2472 Ch.
264 2441 365 2472 XXI.
402 2440 411 2459 ¹
427 2450 465 2471 ne
475 2440 677 2480 intelliqaris,
692 2439 772 2469 ‘lest

131 2501 194 2532 you
203 2492 244 2521 be
255 2491 454 2521 understood
463 2494 497 2521 to
508 2492 575 2521 bea
586 2488 775 2521 Christian)

133 2542 249 2580 eomp.
265 2541 376 2578 above,
390 2550 419 2571 e.
436 2551 483 2579 13.

190 2595 204 2613 ²
216 2591 420 2630 sponsionem.
435 2591 478 2620 So
489 2590 618 2629 Gangn.
636 2588 774 2626 PameL,

134 2641 207 2673 Gel.
223 2641 286 2672 and
300 2641 376 2680 Rig.
399 2640 637 2679 responsionem.
667 2640 772 2678 Spon-

132 2693 190 2730 εἰο,
205 2701 247 2722 on
270 2692 326 2722 the
348 2695 422 2731 part
443 2691 479 2721 of
499 2691 564 2721 him
584 2691 657 2721 who
678 2689 772 2720 binds

836 2129 974 2167 himself,
989 2130 1015 2159 is
1030 2129 1174 2170 opposed
1194 2132 1228 2159 to
1250 2129 1411 2169 οῠῖἰᾳαίἰο,
1434 2140 1476 2161 on

837 2180 892 2209 the
907 2184 982 2218 part
996 2180 1033 2210 of
1044 2180 1108 2209 him
1122 2180 1195 2211 who
1209 2180 1302 2209 binds
1315 2180 1389 2211 him.
1406 2180 1477 2211 The

837 2233 931 2270 party
958 2230 1031 2260 who
1057 2229 1166 2260 would
1192 2229 1269 2258 bind
1296 2238 1359 2268 you
1387 2233 1421 2259 to
1457 2239 1478 2260 a

838 2280 958 2310 certain
976 2283 1143 2316 covenmxt,
1165 2279 1199 2308 in
1219 2279 1275 2309 the
1295 2288 1388 2308 name
1405 2279 1441 2309 of
1457 2288 1478 2310 a

837 2330 975 2360 heathen
990 2330 1066 2370 god,
1080 2333 1181 2359 meets
1194 2338 1257 2368 you
1271 2328 1373 2358 either
1386 2338 1421 2358 as
1435 2338 1477 2358 an

838 2390 959 2420 enemy,
975 2390 1012 2410 or
1025 2389 1060 2409 as
1074 2379 1207 2410 afriend
1219 2389 1228 2416 3
1249 2379 1294 2408 ‘if
1305 2388 1388 2409 asan
1400 2388 1477 2410 ene-

837 2441 899 2472 my,
923 2441 986 2470 you
1013 2440 1067 2461 are
1082 2424 1257 2460 ¹called'to
1280 2430 1336 2459 the
1365 2430 1478 2466 battle,

838 2482 902 2512 and
923 2485 1008 2511 must
1022 2481 1123 2520 fight:
1144 2479 1172 2509 if
1182 2489 1217 2509 as
1231 2489 1250 2509 a
1270 2479 1384 2516 friend,
1398 2479 1478 2509 with

839 2532 1005 2562 howlittle
1020 2532 1086 2560 risk
1095 2530 1162 2560 will
1175 2540 1239 2570 you
1252 2530 1390 2559 transfer
1398 2539 1480 2569 your

839 2585 1029 2621 acceptance
1057 2581 1094 2610 of
1111 2581 1166 2610 the
1190 2583 1347 2610 covenant
1366 2583 1401 2610 to
1423 2580 1479 2609 the

840 2643 934 2664 name
954 2634 990 2663 of
1007 2632 1062 2662 the
1076 2631 1173 2668 Lord,
1191 2631 1253 2660 and
1272 2640 1307 2660 so
1326 2630 1368 2660 do
1389 2639 1480 2669 away

839 2685 919 2715 with
940 2684 995 2714 the
1017 2683 1099 2713 form
1121 2682 1157 2712 of
1173 2681 1310 2721 binding
1331 2680 1411 2711 used
1437 2680 1480 2720 by

1492 1435 1560 1461 such
1571 1441 1681 1462 names:
