<?xml version="1.0" encoding="UTF-8"?>
<!DOCTYPE html PUBLIC "-//W3C//DTD XHTML 1.0 Transitional//EN"
    "http://www.w3.org/TR/xhtml1/DTD/xhtml1-transitional.dtd">
<html xmlns="http://www.w3.org/1999/xhtml" xml:lang="en" lang="en">
 <head>
  <title>
</title>
<meta http-equiv="Content-Type" content="text/html;charset=utf-8" />
  <meta name='ocr-system' content='tesseract 3.04.00' />
  <meta name='ocr-capabilities' content='ocr_page ocr_carea ocr_par ocr_line ocrx_word'/>
</head>
<body>
  <div class='ocr_page' id='page_1' title='image "./libritresdespect00tertuoft/libritresdespect00tertuoft_0180.png"; bbox 0 0 1812 2956; ppageno 0'>
   <div class='ocr_carea' id='block_1_1' title="bbox 364 186 1368 230">
    <p class='ocr_par' dir='ltr' id='par_1_1' title="bbox 364 186 1368 230">
     <span class='ocr_line' id='line_1_1' title="bbox 364 186 1368 230; baseline 0.003 -3"><span class='ocrx_word' id='word_1_1' title='bbox 364 186 451 228; x_wconf 72' lang='lat'><strong>122</strong></span> <span class='ocrx_word' id='word_1_2' title='bbox 699 190 1111 230; x_wconf 84' lang='lat' dir='ltr'><strong>TERTULLIANI</strong></span> <span class='ocrx_word' id='word_1_3' title='bbox 1148 191 1325 230; x_wconf 84' lang='lat' dir='ltr'>LIBER</span> <span class='ocrx_word' id='word_1_4' title='bbox 1355 193 1368 196; x_wconf 83' lang='grc'><em>“</em></span> 
     </span>
    </p>
   </div>
   <div class='ocr_carea' id='block_1_2' title="bbox 149 321 1693 383">
    <p class='ocr_par' dir='ltr' id='par_1_2' title="bbox 149 321 1693 383">
     <span class='ocr_line' id='line_1_2' title="bbox 149 321 1693 383; baseline 0.005 -19"><span class='ocrx_word' id='word_1_5' title='bbox 149 332 250 365; x_wconf 84' lang='lat' dir='ltr'><strong>CAP.</strong></span> <span class='ocrx_word' id='word_1_6' title='bbox 267 332 339 365; x_wconf 91' lang='lat'><strong>111.</strong></span> <span class='ocrx_word' id='word_1_7' title='bbox 357 323 620 381; x_wconf 83' lang='lat' dir='ltr'><strong>jejunium¹³</strong></span> <span class='ocrx_word' id='word_1_8' title='bbox 649 322 780 366; x_wconf 89' lang='lat' dir='ltr'><strong>nefas</strong></span> <span class='ocrx_word' id='word_1_9' title='bbox 817 321 1042 373; x_wconf 91' lang='lat' dir='ltr'><strong>ducimus,</strong></span> <span class='ocrx_word' id='word_1_10' title='bbox 1076 322 1150 366; x_wconf 87' lang='lat' dir='ltr'><strong>vel</strong></span> <span class='ocrx_word' id='word_1_11' title='bbox 1179 323 1404 379; x_wconf 82' lang='lat' dir='ltr'>geniculis</span> <span class='ocrx_word' id='word_1_12' title='bbox 1441 324 1693 383; x_wconf 51' lang='lat' dir='ltr'><strong>adoraren-</strong></span> 
     </span>
    </p>
   </div>
   <div class='ocr_carea' id='block_1_3' title="bbox 152 388 348 397">
    <p class='ocr_par' dir='ltr' id='par_1_3' title="bbox 152 388 348 397">
     <span class='ocr_line' id='line_1_3' title="bbox 152 388 348 397; baseline 0 2559"><span class='ocrx_word' id='word_1_13' title='bbox 152 388 348 397; x_wconf 95' lang='lat' dir='ltr'><strong> </strong></span> 
     </span>
    </p>
   </div>
   <div class='ocr_carea' id='block_1_4' title="bbox 161 1029 335 1062">
    <p class='ocr_par' dir='ltr' id='par_1_4' title="bbox 161 1029 335 1062">
     <span class='ocr_line' id='line_1_4' title="bbox 161 1029 335 1062; baseline 0.011 -2"><span class='ocrx_word' id='word_1_14' title='bbox 161 1029 260 1060; x_wconf 83' lang='lat' dir='ltr'><strong>CAP.</strong></span> <span class='ocrx_word' id='word_1_15' title='bbox 276 1030 335 1062; x_wconf 85' lang='lat' dir='ltr'><strong>1V.</strong></span> 
     </span>
    </p>
   </div>
   <div class='ocr_carea' id='block_1_5' title="bbox 146 1082 347 1385">
    <p class='ocr_par' dir='ltr' id='par_1_5' title="bbox 146 1082 347 1385">
     <span class='ocr_line' id='line_1_5' title="bbox 148 1082 338 1110; baseline 0.016 -3"><span class='ocrx_word' id='word_1_16' title='bbox 148 1082 287 1108; x_wconf 67' lang='lat' dir='ltr'><strong>&#39;tradition</strong></span> <span class='ocrx_word' id='word_1_17' title='bbox 297 1085 338 1110; x_wconf 84' lang='lat' dir='ltr'><strong>in-</strong></span> 
     </span>
     <span class='ocr_line' id='line_1_6' title="bbox 147 1113 261 1143; baseline 0.018 -7"><span class='ocrx_word' id='word_1_18' title='bbox 147 1113 261 1143; x_wconf 84' lang='lat' dir='ltr'><strong>stitutes,</strong></span> 
     </span>
     <span class='ocr_line' id='line_1_7' title="bbox 147 1149 302 1179; baseline 0.013 -13"><span class='ocrx_word' id='word_1_19' title='bbox 147 1149 228 1179; x_wconf 73' lang='lat' dir='ltr'><strong>usage</strong></span> <span class='ocrx_word' id='word_1_20' title='bbox 239 1150 302 1179; x_wconf 76' lang='lat' dir='ltr'><strong>con-</strong></span> 
     </span>
     <span class='ocr_line' id='line_1_8' title="bbox 146 1174 307 1203; baseline 0.006 -6"><span class='ocrx_word' id='word_1_21' title='bbox 146 1174 229 1203; x_wconf 84' lang='lat' dir='ltr'><strong>hrms,</strong></span> <span class='ocrx_word' id='word_1_22' title='bbox 241 1174 307 1198; x_wconf 71' lang='lat' dir='ltr'><strong>faxth</strong></span> 
     </span>
     <span class='ocr_line' id='line_1_9' title="bbox 147 1203 343 1264; baseline -0.005 -36"><span class='ocrx_word' id='word_1_23' title='bbox 147 1203 343 1264; x_wconf 49' lang='lat' dir='ltr'><strong>pbserlvlegshgnd</strong></span> 
     </span>
     <span class='ocr_line' id='line_1_10' title="bbox 167 1266 347 1293; baseline 0.006 -5"><span class='ocrx_word' id='word_1_24' title='bbox 167 1266 347 1293; x_wconf 82' lang='lat' dir='ltr'><strong>orts,custom.</strong></span> 
     </span>
     <span class='ocr_line' id='line_1_11' title="bbox 171 1294 315 1330; baseline 0 -12"><span class='ocrx_word' id='word_1_25' title='bbox 171 1294 282 1324; x_wconf 86' lang='lat' dir='ltr'><strong>rinciple</strong></span> <span class='ocrx_word' id='word_1_26' title='bbox 292 1294 315 1330; x_wconf 73' lang='lat' dir='ltr'><strong>is</strong></span> 
     </span>
     <span class='ocr_line' id='line_1_12' title="bbox 146 1324 332 1385; baseline 0.011 -6"><span class='ocrx_word' id='word_1_27' title='bbox 146 1324 293 1385; x_wconf 60' lang='grc' dir='ltr'><strong>ἓῖἔὲὲῗέὲῗά</strong></span> <span class='ocrx_word' id='word_1_28' title='bbox 303 1331 332 1350; x_wconf 86' lang='lat'><strong>²¹¹</strong></span> 
     </span>
    </p>
   </div>
   <div class='ocr_carea' id='block_1_6' title="bbox 364 400 1700 1530">
    <p class='ocr_par' dir='ltr' id='par_1_6' title="bbox 365 400 1700 981">
     <span class='ocr_line' id='line_1_13' title="bbox 365 400 1697 448; baseline 0.002 -4"><span class='ocrx_word' id='word_1_29' title='bbox 365 400 546 444; x_wconf 89' lang='lat' dir='ltr'><strong>Eadem</strong></span> <span class='ocrx_word' id='word_1_30' title='bbox 577 400 869 444; x_wconf 84' lang='lat' dir='ltr'><strong>immunitate</strong></span> <span class='ocrx_word' id='word_1_31' title='bbox 899 414 929 443; x_wconf 86' lang='lat' dir='ltr'><strong>a</strong></span> <span class='ocrx_word' id='word_1_32' title='bbox 962 400 1039 444; x_wconf 91' lang='lat' dir='ltr'><strong>die</strong></span> <span class='ocrx_word' id='word_1_33' title='bbox 1075 400 1268 444; x_wconf 86' lang='lat' dir='ltr'><strong>Paschae</strong></span> <span class='ocrx_word' id='word_1_34' title='bbox 1299 401 1348 444; x_wconf 91' lang='lat' dir='ltr'><strong>in</strong></span> <span class='ocrx_word' id='word_1_35' title='bbox 1382 402 1697 448; x_wconf 74' lang='lat' dir='ltr'><strong>Pentecosten</strong></span> 
     </span>
     <span class='ocr_line' id='line_1_14' title="bbox 365 477 1697 534; baseline 0.003 -13"><span class='ocrx_word' id='word_1_36' title='bbox 365 492 510 533; x_wconf 87' lang='lat' dir='ltr'><strong>usque</strong></span> <span class='ocrx_word' id='word_1_37' title='bbox 532 477 801 534; x_wconf 84' lang='lat' dir='ltr'>gaudemus.</span> <span class='ocrx_word' id='word_1_38' title='bbox 874 477 1040 522; x_wconf 82' lang='lat' dir='ltr'><strong>Calicis</strong></span> <span class='ocrx_word' id='word_1_39' title='bbox 1074 481 1156 521; x_wconf 90' lang='lat' dir='ltr'><strong>aut</strong></span> <span class='ocrx_word' id='word_1_40' title='bbox 1177 478 1308 534; x_wconf 89' lang='lat' dir='ltr'><strong>panis</strong></span> <span class='ocrx_word' id='word_1_41' title='bbox 1340 479 1481 523; x_wconf 84' lang='lat' dir='ltr'><strong>etiam</strong></span> <span class='ocrx_word' id='word_1_42' title='bbox 1510 479 1697 525; x_wconf 69' lang='lat' dir='ltr'><strong>nostri¹⁵</strong></span> 
     </span>
     <span class='ocr_line' id='line_1_15' title="bbox 365 554 1697 612; baseline 0.002 -14"><span class='ocrx_word' id='word_1_43' title='bbox 365 555 540 610; x_wconf 89' lang='lat' dir='ltr'><strong>aliquid</strong></span> <span class='ocrx_word' id='word_1_44' title='bbox 561 554 719 598; x_wconf 91' lang='lat' dir='ltr'><strong>decuti</strong></span> <span class='ocrx_word' id='word_1_45' title='bbox 741 555 789 597; x_wconf 89' lang='lat' dir='ltr'><strong>in</strong></span> <span class='ocrx_word' id='word_1_46' title='bbox 812 557 986 598; x_wconf 89' lang='lat' dir='ltr'><strong>terram</strong></span> <span class='ocrx_word' id='word_1_47' title='bbox 1003 555 1140 598; x_wconf 84' lang='lat' dir='ltr'><strong>anxie</strong></span> <span class='ocrx_word' id='word_1_48' title='bbox 1162 555 1375 612; x_wconf 87' lang='lat' dir='ltr'><strong>patimur.</strong></span> <span class='ocrx_word' id='word_1_49' title='bbox 1409 555 1490 600; x_wconf 93' lang='lat' dir='ltr'><strong>Ad</strong></span> <span class='ocrx_word' id='word_1_50' title='bbox 1511 570 1697 602; x_wconf 88' lang='lat' dir='ltr'><strong>omnem</strong></span> 
     </span>
     <span class='ocr_line' id='line_1_16' title="bbox 366 633 1698 688; baseline 0.003 -14"><span class='ocrx_word' id='word_1_51' title='bbox 366 646 660 687; x_wconf 87' lang='lat' dir='ltr'><strong>progressum</strong></span> <span class='ocrx_word' id='word_1_52' title='bbox 680 635 821 686; x_wconf 90' lang='lat' dir='ltr'><strong>atque</strong></span> <span class='ocrx_word' id='word_1_53' title='bbox 844 635 1120 688; x_wconf 90' lang='lat' dir='ltr'><strong>promotum,</strong></span> <span class='ocrx_word' id='word_1_54' title='bbox 1144 633 1206 675; x_wconf 84' lang='lat' dir='ltr'><strong>ad</strong></span> <span class='ocrx_word' id='word_1_55' title='bbox 1228 646 1412 676; x_wconf 90' lang='lat' dir='ltr'><strong>omnem</strong></span> <span class='ocrx_word' id='word_1_56' title='bbox 1442 633 1622 677; x_wconf 82' lang='lat' dir='ltr'><strong>aditum</strong></span> <span class='ocrx_word' id='word_1_57' title='bbox 1647 637 1698 683; x_wconf 82' lang='lat' dir='ltr'><strong>et</strong></span> 
     </span>
     <span class='ocr_line' id='line_1_17' title="bbox 366 708 1700 761; baseline 0.001 -9"><span class='ocrx_word' id='word_1_58' title='bbox 366 708 558 761; x_wconf 88' lang='lat' dir='ltr'><strong>exitum,</strong></span> <span class='ocrx_word' id='word_1_59' title='bbox 582 708 644 751; x_wconf 88' lang='lat' dir='ltr'><strong>ad</strong></span> <span class='ocrx_word' id='word_1_60' title='bbox 665 708 883 752; x_wconf 90' lang='lat' dir='ltr'><strong>vestitum</strong></span> <span class='ocrx_word' id='word_1_61' title='bbox 915 711 964 752; x_wconf 90' lang='lat' dir='ltr'><strong>et</strong></span> <span class='ocrx_word' id='word_1_62' title='bbox 997 708 1306 760; x_wconf 80' lang='lat' dir='ltr'><strong>calceatum¹⁶,</strong></span> <span class='ocrx_word' id='word_1_63' title='bbox 1338 709 1399 752; x_wconf 91' lang='lat' dir='ltr'><strong>ad</strong></span> <span class='ocrx_word' id='word_1_64' title='bbox 1420 709 1614 760; x_wconf 79' lang='lat' dir='ltr'><strong>lavacra,</strong></span> <span class='ocrx_word' id='word_1_65' title='bbox 1636 709 1700 754; x_wconf 79' lang='lat' dir='ltr'><strong>ad</strong></span> 
     </span>
     <span class='ocr_line' id='line_1_18' title="bbox 366 783 1697 842; baseline 0.002 -15"><span class='ocrx_word' id='word_1_66' title='bbox 366 799 560 835; x_wconf 86' lang='lat' dir='ltr'><strong>mensas,</strong></span> <span class='ocrx_word' id='word_1_67' title='bbox 576 784 638 827; x_wconf 89' lang='lat' dir='ltr'><strong>ad</strong></span> <span class='ocrx_word' id='word_1_68' title='bbox 653 784 826 828; x_wconf 89' lang='lat' dir='ltr'><strong>lumina</strong></span> <span class='ocrx_word' id='word_1_69' title='bbox 834 783 878 835; x_wconf 84' lang='lat'><strong>¹⁷,</strong></span> <span class='ocrx_word' id='word_1_70' title='bbox 902 785 965 827; x_wconf 87' lang='lat' dir='ltr'><strong>ad</strong></span> <span class='ocrx_word' id='word_1_71' title='bbox 987 785 1170 837; x_wconf 90' lang='lat' dir='ltr'><strong>cubilia,</strong></span> <span class='ocrx_word' id='word_1_72' title='bbox 1195 785 1257 828; x_wconf 90' lang='lat' dir='ltr'><strong>ad</strong></span> <span class='ocrx_word' id='word_1_73' title='bbox 1279 785 1455 836; x_wconf 85' lang='lat' dir='ltr'><strong>sedilia,</strong></span> <span class='ocrx_word' id='word_1_74' title='bbox 1478 799 1697 842; x_wconf 79' lang='lat' dir='ltr'><strong>quacum-</strong></span> 
     </span>
     <span class='ocr_line' id='line_1_19' title="bbox 367 860 1698 919; baseline 0.003 -15"><span class='ocrx_word' id='word_1_75' title='bbox 367 876 457 916; x_wconf 86' lang='lat' dir='ltr'><strong>que</strong></span> <span class='ocrx_word' id='word_1_76' title='bbox 491 875 575 904; x_wconf 87' lang='lat' dir='ltr'><strong>nos</strong></span> <span class='ocrx_word' id='word_1_77' title='bbox 611 860 900 905; x_wconf 85' lang='lat' dir='ltr'><strong>conversatio</strong></span> <span class='ocrx_word' id='word_1_78' title='bbox 935 866 1139 912; x_wconf 89' lang='lat' dir='ltr'><strong>exercet,</strong></span> <span class='ocrx_word' id='word_1_79' title='bbox 1179 861 1383 906; x_wconf 88' lang='lat' dir='ltr'><strong>frontem</strong></span> <span class='ocrx_word' id='word_1_80' title='bbox 1422 861 1698 919; x_wconf 81' lang='lat' dir='ltr'><strong>signaculo¹⁸</strong></span> 
     </span>
     <span class='ocr_line' id='line_1_20' title="bbox 365 937 571 981; baseline 0.005 -1"><span class='ocrx_word' id='word_1_81' title='bbox 365 937 571 981; x_wconf 86' lang='lat' dir='ltr'><strong>terimus.</strong></span> 
     </span>
    </p>

    <p class='ocr_par' dir='ltr' id='par_1_7' title="bbox 364 1014 1699 1530">
     <span class='ocr_line' id='line_1_21' title="bbox 466 1014 1699 1072; baseline 0.002 -15"><span class='ocrx_word' id='word_1_82' title='bbox 466 1014 647 1058; x_wconf 90' lang='lat' dir='ltr'><strong>Harum</strong></span> <span class='ocrx_word' id='word_1_83' title='bbox 690 1018 739 1058; x_wconf 91' lang='lat' dir='ltr'><strong>et</strong></span> <span class='ocrx_word' id='word_1_84' title='bbox 774 1015 967 1058; x_wconf 89' lang='lat' dir='ltr'><strong>aliarum</strong></span> <span class='ocrx_word' id='word_1_85' title='bbox 1003 1016 1229 1072; x_wconf 87' lang='lat' dir='ltr'><strong>ejusmodi</strong></span> <span class='ocrx_word' id='word_1_86' title='bbox 1272 1015 1614 1072; x_wconf 85' lang='lat' dir='ltr'><strong>disciplinarum</strong></span> <span class='ocrx_word' id='word_1_87' title='bbox 1658 1015 1699 1061; x_wconf 85' lang='lat' dir='ltr'><strong>si</strong></span> 
     </span>
     <span class='ocr_line' id='line_1_22' title="bbox 364 1091 1698 1149; baseline 0.001 -14"><span class='ocrx_word' id='word_1_88' title='bbox 364 1091 518 1148; x_wconf 86' lang='lat' dir='ltr'><strong>legem</strong></span> <span class='ocrx_word' id='word_1_89' title='bbox 542 1092 807 1148; x_wconf 80' lang='lat' dir='ltr'><strong>expostules</strong></span> <span class='ocrx_word' id='word_1_90' title='bbox 833 1092 1183 1148; x_wconf 87' lang='lat' dir='ltr'><strong>Scripturarum,</strong></span> <span class='ocrx_word' id='word_1_91' title='bbox 1204 1092 1376 1135; x_wconf 91' lang='lat' dir='ltr'><strong>nullam</strong></span> <span class='ocrx_word' id='word_1_92' title='bbox 1395 1092 1536 1149; x_wconf 87' lang='lat' dir='ltr'><strong>leges.</strong></span> <span class='ocrx_word' id='word_1_93' title='bbox 1585 1093 1698 1137; x_wconf 81' lang='lat' dir='ltr'><strong>Tra-</strong></span> 
     </span>
     <span class='ocr_line' id='line_1_23' title="bbox 367 1169 1699 1225; baseline 0.001 -13"><span class='ocrx_word' id='word_1_94' title='bbox 367 1169 484 1212; x_wconf 92' lang='lat' dir='ltr'><strong>ditio</strong></span> <span class='ocrx_word' id='word_1_95' title='bbox 519 1169 606 1212; x_wconf 89' lang='lat' dir='ltr'><strong>tibi</strong></span> <span class='ocrx_word' id='word_1_96' title='bbox 641 1169 959 1225; x_wconf 90' lang='lat' dir='ltr'><strong>praetendetur</strong></span> <span class='ocrx_word' id='word_1_97' title='bbox 994 1170 1190 1220; x_wconf 90' lang='lat' dir='ltr'><strong>auctrix,</strong></span> <span class='ocrx_word' id='word_1_98' title='bbox 1214 1170 1502 1213; x_wconf 81' lang='lat' dir='ltr'><strong>consuetudo</strong></span> <span class='ocrx_word' id='word_1_99' title='bbox 1537 1170 1699 1214; x_wconf 86' lang='lat' dir='ltr'><strong>confir·</strong></span> 
     </span>
     <span class='ocr_line' id='line_1_24' title="bbox 366 1245 1699 1296; baseline 0.002 -7"><span class='ocrx_word' id='word_1_100' title='bbox 366 1246 550 1296; x_wconf 82' lang='lat' dir='ltr'><strong>matrix,</strong></span> <span class='ocrx_word' id='word_1_101' title='bbox 574 1249 624 1288; x_wconf 91' lang='lat' dir='ltr'><strong>et</strong></span> <span class='ocrx_word' id='word_1_102' title='bbox 645 1245 761 1288; x_wconf 88' lang='lat' dir='ltr'><strong>fides</strong></span> <span class='ocrx_word' id='word_1_103' title='bbox 779 1245 1080 1290; x_wconf 80' lang='lat' dir='ltr'><strong>observatrix.</strong></span> <span class='ocrx_word' id='word_1_104' title='bbox 1115 1246 1363 1291; x_wconf 77' lang='lat' dir='ltr'><strong>Rationem</strong></span> <span class='ocrx_word' id='word_1_105' title='bbox 1385 1245 1626 1290; x_wconf 84' lang='lat' dir='ltr'><strong>traditioni</strong></span> <span class='ocrx_word' id='word_1_106' title='bbox 1648 1249 1699 1291; x_wconf 88' lang='lat' dir='ltr'><strong>et</strong></span> 
     </span>
     <span class='ocr_line' id='line_1_25' title="bbox 367 1321 1698 1379; baseline 0 -13"><span class='ocrx_word' id='word_1_107' title='bbox 367 1321 691 1367; x_wconf 90' lang='lat' dir='ltr'><strong>consuetudini</strong></span> <span class='ocrx_word' id='word_1_108' title='bbox 725 1325 775 1364; x_wconf 86' lang='lat' dir='ltr'><strong>et</strong></span> <span class='ocrx_word' id='word_1_109' title='bbox 804 1321 914 1364; x_wconf 93' lang='lat' dir='ltr'><strong>fidei</strong></span> <span class='ocrx_word' id='word_1_110' title='bbox 936 1322 1330 1378; x_wconf 86' lang='lat' dir='ltr'><strong>patrocinaturam</strong></span> <span class='ocrx_word' id='word_1_111' title='bbox 1359 1325 1442 1365; x_wconf 88' lang='lat' dir='ltr'><strong>aut</strong></span> <span class='ocrx_word' id='word_1_112' title='bbox 1467 1322 1567 1379; x_wconf 88' lang='lat' dir='ltr'><strong>ipse</strong></span> <span class='ocrx_word' id='word_1_113' title='bbox 1596 1336 1698 1379; x_wconf 86' lang='lat' dir='ltr'><strong>per-</strong></span> 
     </span>
     <span class='ocr_line' id='line_1_26' title="bbox 367 1398 1697 1456; baseline -0.001 -12"><span class='ocrx_word' id='word_1_114' title='bbox 367 1399 547 1456; x_wconf 86' lang='lat' dir='ltr'><strong>spicies,</strong></span> <span class='ocrx_word' id='word_1_115' title='bbox 562 1401 644 1441; x_wconf 91' lang='lat' dir='ltr'><strong>aut</strong></span> <span class='ocrx_word' id='word_1_116' title='bbox 661 1398 720 1441; x_wconf 89' lang='lat' dir='ltr'><strong>ab</strong></span> <span class='ocrx_word' id='word_1_117' title='bbox 741 1398 895 1453; x_wconf 90' lang='lat' dir='ltr'><strong>aliquo</strong></span> <span class='ocrx_word' id='word_1_118' title='bbox 920 1398 998 1453; x_wconf 91' lang='lat' dir='ltr'><strong>qui</strong></span> <span class='ocrx_word' id='word_1_119' title='bbox 1020 1398 1311 1455; x_wconf 85' lang='lat' dir='ltr'><strong>perspexerit</strong></span> <span class='ocrx_word' id='word_1_120' title='bbox 1334 1398 1496 1443; x_wconf 82' lang='lat' dir='ltr'><strong>disces.</strong></span> <span class='ocrx_word' id='word_1_121' title='bbox 1548 1399 1697 1443; x_wconf 88' lang='lat' dir='ltr'><strong>Inter-</strong></span> 
     </span>
     <span class='ocr_line' id='line_1_27' title="bbox 366 1475 1696 1530; baseline 0.001 -11"><span class='ocrx_word' id='word_1_122' title='bbox 366 1476 431 1519; x_wconf 90' lang='lat' dir='ltr'><strong>im</strong></span> <span class='ocrx_word' id='word_1_123' title='bbox 453 1475 720 1519; x_wconf 90' lang='lat' dir='ltr'><strong>nonnullam</strong></span> <span class='ocrx_word' id='word_1_124' title='bbox 740 1489 841 1518; x_wconf 88' lang='lat' dir='ltr'><strong>esse</strong></span> <span class='ocrx_word' id='word_1_125' title='bbox 865 1475 1028 1518; x_wconf 88' lang='lat' dir='ltr'><strong>credes</strong></span> <span class='ocrx_word' id='word_1_126' title='bbox 1058 1475 1133 1518; x_wconf 92' lang='lat' dir='ltr'><strong>cui</strong></span> <span class='ocrx_word' id='word_1_127' title='bbox 1160 1475 1387 1518; x_wconf 90' lang='lat' dir='ltr'><strong>debeatur</strong></span> <span class='ocrx_word' id='word_1_128' title='bbox 1410 1475 1696 1530; x_wconf 84' lang='lat' dir='ltr'><strong>obsequium.</strong></span> 
     </span>
    </p>
   </div>
   <div class='ocr_carea' id='block_1_7' title="bbox 361 1593 998 2722">
    <p class='ocr_par' dir='ltr' id='par_1_8' title="bbox 362 1593 998 1970">
     <span class='ocr_line' id='line_1_28' title="bbox 365 1593 998 1633; baseline 0.002 -10"><span class='ocrx_word' id='word_1_129' title='bbox 365 1594 426 1633; x_wconf 82' lang='lat' dir='ltr'><strong>day</strong></span> <span class='ocrx_word' id='word_1_130' title='bbox 451 1594 488 1623; x_wconf 81' lang='lat' dir='ltr'><strong>of</strong></span> <span class='ocrx_word' id='word_1_131' title='bbox 518 1593 628 1624; x_wconf 78' lang='lat' dir='ltr'><strong>saints.</strong></span> <span class='ocrx_word' id='word_1_132' title='bbox 670 1593 703 1624; x_wconf 91' lang='lat' dir='ltr'><strong>S.</strong></span> <span class='ocrx_word' id='word_1_133' title='bbox 727 1593 867 1632; x_wconf 88' lang='lat' dir='ltr'><strong>August.</strong></span> <span class='ocrx_word' id='word_1_134' title='bbox 895 1593 998 1624; x_wconf 79' lang='lat' dir='ltr'><strong>Serm-</strong></span> 
     </span>
     <span class='ocr_line' id='line_1_29' title="bbox 365 1642 998 1681; baseline -0.003 -8"><span class='ocrx_word' id='word_1_135' title='bbox 365 1645 439 1680; x_wconf 87' lang='lat'>298:</span> <span class='ocrx_word' id='word_1_136' title='bbox 454 1644 493 1672; x_wconf 91' lang='lat' dir='ltr'><strong>In</strong></span> <span class='ocrx_word' id='word_1_137' title='bbox 511 1643 609 1672; x_wconf 83' lang='lat' dir='ltr'><strong>natali</strong></span> <span class='ocrx_word' id='word_1_138' title='bbox 629 1643 846 1681; x_wconf 83' lang='lat' dir='ltr'><strong>apostolorum</strong></span> <span class='ocrx_word' id='word_1_139' title='bbox 861 1642 951 1672; x_wconf 82' lang='lat' dir='ltr'><strong>Petri</strong></span> <span class='ocrx_word' id='word_1_140' title='bbox 965 1645 998 1672; x_wconf 90' lang='lat' dir='ltr'><strong>et</strong></span> 
     </span>
     <span class='ocr_line' id='line_1_30' title="bbox 363 1691 997 1730; baseline -0.002 -8"><span class='ocrx_word' id='word_1_141' title='bbox 363 1692 467 1722; x_wconf 85' lang='lat' dir='ltr'><strong>Pauli.</strong></span> <span class='ocrx_word' id='word_1_142' title='bbox 500 1691 677 1721; x_wconf 86' lang='lat' dir='ltr'><strong>Debuimus</strong></span> <span class='ocrx_word' id='word_1_143' title='bbox 691 1692 819 1730; x_wconf 86' lang='lat' dir='ltr'><strong>quidam</strong></span> <span class='ocrx_word' id='word_1_144' title='bbox 840 1694 997 1721; x_wconf 89' lang='lat' dir='ltr'><strong>tantorum</strong></span> 
     </span>
     <span class='ocr_line' id='line_1_31' title="bbox 362 1741 998 1780; baseline 0 -9"><span class='ocrx_word' id='word_1_145' title='bbox 362 1745 536 1780; x_wconf 85' lang='lat' dir='ltr'><strong>martyrum</strong></span> <span class='ocrx_word' id='word_1_146' title='bbox 554 1741 635 1771; x_wconf 80' lang='lat' dir='ltr'><strong>diem</strong></span> <span class='ocrx_word' id='word_1_147' title='bbox 643 1763 650 1770; x_wconf 92' lang='lat'><strong>.</strong></span> <span class='ocrx_word' id='word_1_148' title='bbox 656 1763 663 1771; x_wconf 88' lang='lat'><strong>.</strong></span> <span class='ocrx_word' id='word_1_149' title='bbox 669 1763 676 1770; x_wconf 93' lang='lat'><strong>.</strong></span> <span class='ocrx_word' id='word_1_150' title='bbox 685 1741 803 1778; x_wconf 72' lang='lat' dir='ltr'><strong>maiore</strong></span> <span class='ocrx_word' id='word_1_151' title='bbox 811 1741 998 1780; x_wconf 81' lang='lat' dir='ltr'><strong>frequentia</strong></span> 
     </span>
     <span class='ocr_line' id='line_1_32' title="bbox 363 1790 997 1831; baseline -0.002 -10"><span class='ocrx_word' id='word_1_152' title='bbox 363 1791 529 1821; x_wconf 83' lang='lat' dir='ltr'><strong>celebrare.</strong></span> <span class='ocrx_word' id='word_1_153' title='bbox 573 1791 611 1821; x_wconf 85' lang='lat' dir='ltr'><strong>Si</strong></span> <span class='ocrx_word' id='word_1_154' title='bbox 632 1790 712 1821; x_wconf 81' lang='lat' dir='ltr'><strong>enim</strong></span> <span class='ocrx_word' id='word_1_155' title='bbox 729 1791 918 1821; x_wconf 84' lang='lat' dir='ltr'><strong>celebramus</strong></span> <span class='ocrx_word' id='word_1_156' title='bbox 922 1791 997 1831; x_wconf 88' lang='lat' dir='ltr'><strong>fre-</strong></span> 
     </span>
     <span class='ocr_line' id='line_1_33' title="bbox 363 1841 998 1880; baseline 0 -10"><span class='ocrx_word' id='word_1_157' title='bbox 363 1841 558 1879; x_wconf 72' lang='lat' dir='ltr'><strong>quentis-sime</strong></span> <span class='ocrx_word' id='word_1_158' title='bbox 567 1841 719 1870; x_wconf 88' lang='lat' dir='ltr'><strong>natalitia</strong></span> <span class='ocrx_word' id='word_1_159' title='bbox 729 1850 889 1879; x_wconf 76' lang='lat' dir='ltr'><strong>aqnomm,</strong></span> <span class='ocrx_word' id='word_1_160' title='bbox 899 1850 998 1880; x_wconf 83' lang='lat' dir='ltr'><strong>quan-</strong></span> 
     </span>
     <span class='ocr_line' id='line_1_34' title="bbox 364 1890 997 1929; baseline 0.002 -10"><span class='ocrx_word' id='word_1_161' title='bbox 364 1893 395 1919; x_wconf 83' lang='lat' dir='ltr'><strong>to</strong></span> <span class='ocrx_word' id='word_1_162' title='bbox 427 1891 529 1929; x_wconf 77' lang='lat' dir='ltr'><strong>maqz’s</strong></span> <span class='ocrx_word' id='word_1_163' title='bbox 562 1890 702 1920; x_wconf 77' lang='lat' dir='ltr'><strong>debemus</strong></span> <span class='ocrx_word' id='word_1_164' title='bbox 742 1890 886 1921; x_wconf 83' lang='lat' dir='ltr'><strong>arietum.</strong></span> <span class='ocrx_word' id='word_1_165' title='bbox 937 1891 997 1920; x_wconf 86' lang='lat' dir='ltr'><strong>See</strong></span> 
     </span>
     <span class='ocr_line' id='line_1_35' title="bbox 365 1939 620 1970; baseline 0 0"><span class='ocrx_word' id='word_1_166' title='bbox 365 1939 514 1970; x_wconf 85' lang='lat' dir='ltr'><strong>Oehler‘s</strong></span> <span class='ocrx_word' id='word_1_167' title='bbox 533 1943 620 1970; x_wconf 82' lang='lat' dir='ltr'><strong>note.</strong></span> 
     </span>
    </p>

    <p class='ocr_par' dir='ltr' id='par_1_9' title="bbox 361 1988 995 2128">
     <span class='ocr_line' id='line_1_36' title="bbox 424 1988 995 2029; baseline 0.002 -10"><span class='ocrx_word' id='word_1_168' title='bbox 424 1988 451 2007; x_wconf 82' lang='lat'><strong>¹³</strong></span> <span class='ocrx_word' id='word_1_169' title='bbox 462 1989 529 2019; x_wconf 82' lang='lat' dir='ltr'><strong>Die</strong></span> <span class='ocrx_word' id='word_1_170' title='bbox 541 1988 861 2026; x_wconf 76' lang='lat' dir='ltr'><strong>dominicojey‘unium.</strong></span> <span class='ocrx_word' id='word_1_171' title='bbox 881 1989 995 2029; x_wconf 86' lang='lat' dir='ltr'><strong>Comp.</strong></span> 
     </span>
     <span class='ocr_line' id='line_1_37' title="bbox 361 2038 995 2078; baseline 0 -10"><span class='ocrx_word' id='word_1_172' title='bbox 361 2038 414 2069; x_wconf 88' lang='lat' dir='ltr'><strong>De</strong></span> <span class='ocrx_word' id='word_1_173' title='bbox 435 2039 519 2069; x_wconf 90' lang='lat' dir='ltr'><strong>Idol.</strong></span> <span class='ocrx_word' id='word_1_174' title='bbox 544 2048 571 2068; x_wconf 92' lang='lat' dir='ltr'><strong>c.</strong></span> <span class='ocrx_word' id='word_1_175' title='bbox 597 2048 643 2076; x_wconf 90' lang='lat'><strong>14.</strong></span> <span class='ocrx_word' id='word_1_176' title='bbox 685 2039 745 2069; x_wconf 88' lang='lat' dir='ltr'><strong>See</strong></span> <span class='ocrx_word' id='word_1_177' title='bbox 771 2039 890 2078; x_wconf 88' lang='lat' dir='ltr'><strong>Bingh.</strong></span> <span class='ocrx_word' id='word_1_178' title='bbox 914 2047 995 2069; x_wconf 84' lang='lat' dir='ltr'><strong>xn1.</strong></span> 
     </span>
     <span class='ocr_line' id='line_1_38' title="bbox 363 2089 859 2128; baseline -0.002 -8"><span class='ocrx_word' id='word_1_179' title='bbox 363 2092 393 2128; x_wconf 88' lang='lat'><strong>8,</strong></span> <span class='ocrx_word' id='word_1_180' title='bbox 410 2099 439 2127; x_wconf 84' lang='lat'><strong>3.</strong></span> <span class='ocrx_word' id='word_1_181' title='bbox 477 2090 536 2119; x_wconf 89' lang='lat' dir='ltr'><strong>See</strong></span> <span class='ocrx_word' id='word_1_182' title='bbox 549 2089 662 2125; x_wconf 89' lang='lat' dir='ltr'><strong>below,</strong></span> <span class='ocrx_word' id='word_1_183' title='bbox 676 2098 706 2119; x_wconf 90' lang='lat' dir='ltr'><strong>c.</strong></span> <span class='ocrx_word' id='word_1_184' title='bbox 722 2099 769 2125; x_wconf 91' lang='lat'><strong>11,</strong></span> <span class='ocrx_word' id='word_1_185' title='bbox 782 2098 813 2118; x_wconf 90' lang='lat' dir='ltr'><strong>n.</strong></span> <span class='ocrx_word' id='word_1_186' title='bbox 830 2099 859 2127; x_wconf 85' lang='lat'><strong>9.</strong></span> 
     </span>
    </p>

    <p class='ocr_par' dir='ltr' id='par_1_10' title="bbox 362 2137 995 2621">
     <span class='ocr_line' id='line_1_39' title="bbox 421 2137 995 2177; baseline 0 -10"><span class='ocrx_word' id='word_1_187' title='bbox 421 2137 450 2156; x_wconf 78' lang='lat'><strong>¹⁴¹</strong></span> <span class='ocrx_word' id='word_1_188' title='bbox 469 2138 621 2177; x_wconf 77' lang='lat' dir='ltr'><strong>qeniculis</strong></span> <span class='ocrx_word' id='word_1_189' title='bbox 646 2138 793 2168; x_wconf 86' lang='lat' dir='ltr'><strong>adorare.</strong></span> <span class='ocrx_word' id='word_1_190' title='bbox 836 2138 995 2177; x_wconf 84' lang='lat' dir='ltr'><strong>Bingham</strong></span> 
     </span>
     <span class='ocr_line' id='line_1_40' title="bbox 363 2187 995 2227; baseline 0 -9"><span class='ocrx_word' id='word_1_191' title='bbox 363 2188 400 2227; x_wconf 90' lang='lat'><strong>(1.</strong></span> <span class='ocrx_word' id='word_1_192' title='bbox 415 2187 460 2227; x_wconf 89' lang='lat' dir='ltr'><strong>c.)</strong></span> <span class='ocrx_word' id='word_1_193' title='bbox 476 2191 588 2227; x_wconf 82' lang='lat' dir='ltr'><strong>quotes</strong></span> <span class='ocrx_word' id='word_1_194' title='bbox 603 2189 725 2224; x_wconf 86' lang='lat' dir='ltr'><strong>Quaest.</strong></span> <span class='ocrx_word' id='word_1_195' title='bbox 739 2191 773 2218; x_wconf 85' lang='lat' dir='ltr'><strong>et</strong></span> <span class='ocrx_word' id='word_1_196' title='bbox 786 2189 941 2227; x_wconf 84' lang='lat' dir='ltr'><strong>Respons.</strong></span> <span class='ocrx_word' id='word_1_197' title='bbox 954 2189 995 2218; x_wconf 87' lang='lat' dir='ltr'><strong>ad</strong></span> 
     </span>
     <span class='ocr_line' id='line_1_41' title="bbox 365 2237 994 2275; baseline -0.002 -7"><span class='ocrx_word' id='word_1_198' title='bbox 365 2237 546 2268; x_wconf 83' lang='lat' dir='ltr'><strong>Orthodox.</strong></span> <span class='ocrx_word' id='word_1_199' title='bbox 560 2245 611 2275; x_wconf 80' lang='lat'><strong>95,</strong></span> <span class='ocrx_word' id='word_1_200' title='bbox 625 2238 733 2267; x_wconf 82' lang='lat' dir='ltr'><strong>where</strong></span> <span class='ocrx_word' id='word_1_201' title='bbox 753 2238 780 2267; x_wconf 88' lang='lat' dir='ltr'><strong>it</strong></span> <span class='ocrx_word' id='word_1_202' title='bbox 802 2238 829 2267; x_wconf 84' lang='lat' dir='ltr'><strong>is</strong></span> <span class='ocrx_word' id='word_1_203' title='bbox 851 2238 928 2274; x_wconf 81' lang='lat' dir='ltr'><strong>said,</strong></span> <span class='ocrx_word' id='word_1_204' title='bbox 953 2247 994 2267; x_wconf 89' lang='lat' dir='ltr'><strong>on</strong></span> 
     </span>
     <span class='ocr_line' id='line_1_42' title="bbox 363 2287 995 2326; baseline 0 -10"><span class='ocrx_word' id='word_1_205' title='bbox 363 2287 419 2316; x_wconf 90' lang='lat' dir='ltr'><strong>the</strong></span> <span class='ocrx_word' id='word_1_206' title='bbox 431 2287 593 2326; x_wconf 83' lang='lat' dir='ltr'><strong>authority</strong></span> <span class='ocrx_word' id='word_1_207' title='bbox 602 2287 639 2315; x_wconf 85' lang='lat' dir='ltr'><strong>of</strong></span> <span class='ocrx_word' id='word_1_208' title='bbox 644 2287 795 2323; x_wconf 85' lang='lat' dir='ltr'><strong>Irenaeus,</strong></span> <span class='ocrx_word' id='word_1_209' title='bbox 806 2287 878 2316; x_wconf 80' lang='lat' dir='ltr'><strong>that</strong></span> <span class='ocrx_word' id='word_1_210' title='bbox 888 2287 995 2317; x_wconf 86' lang='lat' dir='ltr'><strong>Chris-</strong></span> 
     </span>
     <span class='ocr_line' id='line_1_43' title="bbox 362 2335 994 2375; baseline 0 -10"><span class='ocrx_word' id='word_1_211' title='bbox 362 2336 446 2366; x_wconf 82' lang='lat' dir='ltr'><strong>tians</strong></span> <span class='ocrx_word' id='word_1_212' title='bbox 470 2336 589 2375; x_wconf 86' lang='lat' dir='ltr'><strong>prayed</strong></span> <span class='ocrx_word' id='word_1_213' title='bbox 614 2335 766 2374; x_wconf 86' lang='lat' dir='ltr'><strong>kneeling</strong></span> <span class='ocrx_word' id='word_1_214' title='bbox 792 2335 840 2364; x_wconf 86' lang='lat' dir='ltr'><strong>six</strong></span> <span class='ocrx_word' id='word_1_215' title='bbox 863 2336 938 2375; x_wconf 82' lang='lat' dir='ltr'><strong>days</strong></span> <span class='ocrx_word' id='word_1_216' title='bbox 961 2336 994 2365; x_wconf 89' lang='lat' dir='ltr'><strong>in</strong></span> 
     </span>
     <span class='ocr_line' id='line_1_44' title="bbox 363 2385 994 2425; baseline 0 -11"><span class='ocrx_word' id='word_1_217' title='bbox 363 2386 461 2415; x_wconf 86' lang='lat' dir='ltr'><strong>token</strong></span> <span class='ocrx_word' id='word_1_218' title='bbox 484 2386 520 2414; x_wconf 87' lang='lat' dir='ltr'><strong>of</strong></span> <span class='ocrx_word' id='word_1_219' title='bbox 541 2386 596 2415; x_wconf 88' lang='lat' dir='ltr'><strong>the</strong></span> <span class='ocrx_word' id='word_1_220' title='bbox 616 2385 685 2421; x_wconf 78' lang='lat' dir='ltr'><strong>fall,</strong></span> <span class='ocrx_word' id='word_1_221' title='bbox 699 2385 764 2414; x_wconf 83' lang='lat' dir='ltr'><strong>and</strong></span> <span class='ocrx_word' id='word_1_222' title='bbox 783 2386 935 2425; x_wconf 77' lang='lat' dir='ltr'><strong>standing</strong></span> <span class='ocrx_word' id='word_1_223' title='bbox 953 2395 994 2415; x_wconf 90' lang='lat' dir='ltr'><strong>on</strong></span> 
     </span>
     <span class='ocr_line' id='line_1_45' title="bbox 362 2434 995 2474; baseline 0.003 -10"><span class='ocrx_word' id='word_1_224' title='bbox 362 2436 418 2465; x_wconf 83' lang='lat' dir='ltr'><strong>the</strong></span> <span class='ocrx_word' id='word_1_225' title='bbox 427 2435 538 2464; x_wconf 81' lang='lat' dir='ltr'><strong>Lord’s</strong></span> <span class='ocrx_word' id='word_1_226' title='bbox 546 2435 606 2474; x_wconf 83' lang='lat' dir='ltr'><strong>day</strong></span> <span class='ocrx_word' id='word_1_227' title='bbox 615 2435 677 2464; x_wconf 89' lang='lat' dir='ltr'><strong>and</strong></span> <span class='ocrx_word' id='word_1_228' title='bbox 685 2434 718 2463; x_wconf 91' lang='lat' dir='ltr'><strong>in</strong></span> <span class='ocrx_word' id='word_1_229' title='bbox 727 2435 782 2464; x_wconf 83' lang='lat' dir='ltr'><strong>the</strong></span> <span class='ocrx_word' id='word_1_230' title='bbox 793 2435 995 2466; x_wconf 83' lang='lat' dir='ltr'><strong>Pentecostic</strong></span> 
     </span>
     <span class='ocr_line' id='line_1_46' title="bbox 363 2484 994 2523; baseline 0.003 -10"><span class='ocrx_word' id='word_1_231' title='bbox 363 2493 474 2514; x_wconf 81' lang='lat' dir='ltr'><strong>season</strong></span> <span class='ocrx_word' id='word_1_232' title='bbox 488 2485 521 2513; x_wconf 89' lang='lat' dir='ltr'><strong>in</strong></span> <span class='ocrx_word' id='word_1_233' title='bbox 535 2485 632 2514; x_wconf 87' lang='lat' dir='ltr'><strong>token</strong></span> <span class='ocrx_word' id='word_1_234' title='bbox 647 2484 684 2513; x_wconf 84' lang='lat' dir='ltr'><strong>of</strong></span> <span class='ocrx_word' id='word_1_235' title='bbox 694 2485 748 2514; x_wconf 89' lang='lat' dir='ltr'><strong>the</strong></span> <span class='ocrx_word' id='word_1_236' title='bbox 758 2485 994 2523; x_wconf 79' lang='lat' dir='ltr'><strong>Resurrection,</strong></span> 
     </span>
     <span class='ocr_line' id='line_1_47' title="bbox 362 2534 994 2574; baseline 0.005 -11"><span class='ocrx_word' id='word_1_237' title='bbox 362 2534 425 2563; x_wconf 87' lang='lat' dir='ltr'><strong>and</strong></span> <span class='ocrx_word' id='word_1_238' title='bbox 446 2534 518 2563; x_wconf 85' lang='lat' dir='ltr'><strong>that</strong></span> <span class='ocrx_word' id='word_1_239' title='bbox 538 2534 602 2563; x_wconf 85' lang='lat' dir='ltr'><strong>this</strong></span> <span class='ocrx_word' id='word_1_240' title='bbox 623 2536 746 2564; x_wconf 86' lang='lat' dir='ltr'><strong>custom</strong></span> <span class='ocrx_word' id='word_1_241' title='bbox 766 2535 946 2574; x_wconf 79' lang='lat' dir='ltr'><strong>originated</strong></span> <span class='ocrx_word' id='word_1_242' title='bbox 961 2536 994 2566; x_wconf 91' lang='lat' dir='ltr'><strong>in</strong></span> 
     </span>
     <span class='ocr_line' id='line_1_48' title="bbox 362 2583 635 2621; baseline 0.007 -9"><span class='ocrx_word' id='word_1_243' title='bbox 362 2583 518 2621; x_wconf 83' lang='lat' dir='ltr'><strong>apostolic</strong></span> <span class='ocrx_word' id='word_1_244' title='bbox 532 2583 635 2614; x_wconf 87' lang='lat' dir='ltr'><strong>times.</strong></span> 
     </span>
    </p>

    <p class='ocr_par' dir='ltr' id='par_1_11' title="bbox 363 2630 995 2722">
     <span class='ocr_line' id='line_1_49' title="bbox 423 2630 995 2672; baseline 0.005 -11"><span class='ocrx_word' id='word_1_245' title='bbox 423 2630 450 2649; x_wconf 84' lang='lat'><strong>¹⁶</strong></span> <span class='ocrx_word' id='word_1_246' title='bbox 469 2635 526 2662; x_wconf 86' lang='lat' dir='ltr'><strong>aut</strong></span> <span class='ocrx_word' id='word_1_247' title='bbox 545 2633 645 2670; x_wconf 82' lang='lat' dir='ltr'><strong>panis</strong></span> <span class='ocrx_word' id='word_1_248' title='bbox 670 2633 764 2663; x_wconf 87' lang='lat' dir='ltr'><strong>etiam</strong></span> <span class='ocrx_word' id='word_1_249' title='bbox 796 2634 906 2672; x_wconf 78' lang='lat' dir='ltr'><strong>nostri,</strong></span> <span class='ocrx_word' id='word_1_250' title='bbox 940 2636 995 2664; x_wconf 84' lang='lat' dir='ltr'><strong>‘or</strong></span> 
     </span>
     <span class='ocr_line' id='line_1_50' title="bbox 363 2682 995 2722; baseline 0.008 -11"><span class='ocrx_word' id='word_1_251' title='bbox 363 2689 441 2711; x_wconf 85' lang='lat' dir='ltr'><strong>even</strong></span> <span class='ocrx_word' id='word_1_252' title='bbox 455 2682 492 2712; x_wconf 77' lang='lat' dir='ltr'><strong>of</strong></span> <span class='ocrx_word' id='word_1_253' title='bbox 505 2691 564 2712; x_wconf 86' lang='lat' dir='ltr'><strong>our</strong></span> <span class='ocrx_word' id='word_1_254' title='bbox 581 2683 700 2722; x_wconf 87' lang='lat' dir='ltr'><strong>bread,&#39;</strong></span> <span class='ocrx_word' id='word_1_255' title='bbox 712 2684 768 2714; x_wconf 84' lang='lat' dir='ltr'><strong>the</strong></span> <span class='ocrx_word' id='word_1_256' title='bbox 784 2685 995 2716; x_wconf 80' lang='lat' dir='ltr'><strong>sacramental</strong></span> 
     </span>
    </p>
   </div>
   <div class='ocr_carea' id='block_1_8' title="bbox 1061 1593 1697 1927">
    <p class='ocr_par' dir='ltr' id='par_1_12' title="bbox 1061 1593 1697 1927">
     <span class='ocr_line' id='line_1_51' title="bbox 1062 1593 1696 1634; baseline 0.003 -12"><span class='ocrx_word' id='word_1_257' title='bbox 1062 1593 1173 1624; x_wconf 82' lang='lat' dir='ltr'><strong>bread.</strong></span> <span class='ocrx_word' id='word_1_258' title='bbox 1205 1593 1319 1632; x_wconf 81' lang='lat' dir='ltr'><strong>Rigalt</strong></span> <span class='ocrx_word' id='word_1_259' title='bbox 1341 1595 1455 1632; x_wconf 86' lang='lat' dir='ltr'><strong>quotes</strong></span> <span class='ocrx_word' id='word_1_260' title='bbox 1475 1593 1618 1633; x_wconf 78' lang='lat' dir='ltr'><strong>August.</strong></span> <span class='ocrx_word' id='word_1_261' title='bbox 1641 1603 1696 1634; x_wconf 69' lang='lat' dir='ltr'><strong>ap.</strong></span> 
     </span>
     <span class='ocr_line' id='line_1_52' title="bbox 1065 1642 1697 1682; baseline 0.003 -10"><span class='ocrx_word' id='word_1_262' title='bbox 1065 1642 1211 1673; x_wconf 79' lang='lat' dir='ltr'><strong>Gratian.</strong></span> <span class='ocrx_word' id='word_1_263' title='bbox 1232 1651 1257 1672; x_wconf 94' lang='lat'><strong>1.</strong></span> <span class='ocrx_word' id='word_1_264' title='bbox 1277 1653 1311 1672; x_wconf 89' lang='lat'><strong>1:</strong></span> <span class='ocrx_word' id='word_1_265' title='bbox 1344 1643 1474 1682; x_wconf 79' lang='lat' dir='ltr'><strong>Quanta</strong></span> <span class='ocrx_word' id='word_1_266' title='bbox 1497 1643 1697 1674; x_wconf 68' lang='lat' dir='ltr'><strong>solicitudine</strong></span> 
     </span>
     <span class='ocr_line' id='line_1_53' title="bbox 1062 1693 1696 1733; baseline 0.005 -12"><span class='ocrx_word' id='word_1_267' title='bbox 1062 1693 1270 1730; x_wconf 73' lang='lat' dir='ltr'><strong>observamus,</strong></span> <span class='ocrx_word' id='word_1_268' title='bbox 1303 1693 1430 1732; x_wconf 81' lang='lat' dir='ltr'><strong>quando</strong></span> <span class='ocrx_word' id='word_1_269' title='bbox 1459 1694 1549 1723; x_wconf 77' lang='lat' dir='ltr'><strong>nobis</strong></span> <span class='ocrx_word' id='word_1_270' title='bbox 1581 1703 1696 1733; x_wconf 78' lang='lat' dir='ltr'><strong>corpus</strong></span> 
     </span>
     <span class='ocr_line' id='line_1_54' title="bbox 1065 1741 1694 1783; baseline 0.005 -12"><span class='ocrx_word' id='word_1_271' title='bbox 1065 1741 1187 1771; x_wconf 79' lang='lat' dir='ltr'><strong>Christi</strong></span> <span class='ocrx_word' id='word_1_272' title='bbox 1200 1742 1408 1780; x_wconf 80' lang='lat' dir='ltr'><strong>ministratur,</strong></span> <span class='ocrx_word' id='word_1_273' title='bbox 1422 1746 1457 1773; x_wconf 77' lang='lat' dir='ltr'><strong>ut</strong></span> <span class='ocrx_word' id='word_1_274' title='bbox 1471 1743 1555 1773; x_wconf 80' lang='lat' dir='ltr'><strong>nihil</strong></span> <span class='ocrx_word' id='word_1_275' title='bbox 1569 1752 1609 1773; x_wconf 74' lang='lat' dir='ltr'><strong>eat</strong></span> <span class='ocrx_word' id='word_1_276' title='bbox 1624 1743 1694 1783; x_wconf 78' lang='lat' dir='ltr'><strong>ipso</strong></span> 
     </span>
     <span class='ocr_line' id='line_1_55' title="bbox 1061 1790 1695 1823; baseline 0.006 -4"><span class='ocrx_word' id='word_1_277' title='bbox 1061 1790 1099 1820; x_wconf 85' lang='lat' dir='ltr'><strong>de</strong></span> <span class='ocrx_word' id='word_1_278' title='bbox 1113 1791 1228 1820; x_wconf 86' lang='lat' dir='ltr'><strong>nostris</strong></span> <span class='ocrx_word' id='word_1_279' title='bbox 1242 1790 1384 1821; x_wconf 85' lang='lat' dir='ltr'><strong>manibus</strong></span> <span class='ocrx_word' id='word_1_280' title='bbox 1396 1791 1430 1820; x_wconf 83' lang='lat' dir='ltr'><strong>in</strong></span> <span class='ocrx_word' id='word_1_281' title='bbox 1444 1794 1561 1821; x_wconf 85' lang='lat' dir='ltr'><strong>terram</strong></span> <span class='ocrx_word' id='word_1_282' title='bbox 1570 1791 1668 1822; x_wconf 76' lang='lat' dir='ltr'><strong>cadat</strong></span> <span class='ocrx_word' id='word_1_283' title='bbox 1678 1791 1695 1823; x_wconf 87' lang='lat'><strong>.&#39;</strong></span> 
     </span>
     <span class='ocr_line' id='line_1_56' title="bbox 1061 1834 1694 1872; baseline 0.003 -3"><span class='ocrx_word' id='word_1_284' title='bbox 1061 1839 1110 1869; x_wconf 80' lang='lat' dir='ltr'><strong>La</strong></span> <span class='ocrx_word' id='word_1_285' title='bbox 1131 1840 1236 1870; x_wconf 77' lang='lat' dir='ltr'><strong>Cerda</strong></span> <span class='ocrx_word' id='word_1_286' title='bbox 1253 1840 1379 1870; x_wconf 78' lang='lat' dir='ltr'><strong>follows</strong></span> <span class='ocrx_word' id='word_1_287' title='bbox 1395 1834 1515 1870; x_wconf 74' lang='lat' dir='ltr'><strong>Pam&#39;el.</strong></span> <span class='ocrx_word' id='word_1_288' title='bbox 1538 1840 1573 1870; x_wconf 89' lang='lat' dir='ltr'><strong>in</strong></span> <span class='ocrx_word' id='word_1_289' title='bbox 1592 1841 1694 1872; x_wconf 82' lang='lat' dir='ltr'><strong>inter·</strong></span> 
     </span>
     <span class='ocr_line' id='line_1_57' title="bbox 1062 1886 1694 1927; baseline 0.003 -12"><span class='ocrx_word' id='word_1_290' title='bbox 1062 1886 1192 1925; x_wconf 88' lang='lat' dir='ltr'><strong>preting</strong></span> <span class='ocrx_word' id='word_1_291' title='bbox 1204 1887 1298 1916; x_wconf 87' lang='lat' dir='ltr'><strong>etiam</strong></span> <span class='ocrx_word' id='word_1_292' title='bbox 1315 1887 1416 1916; x_wconf 78' lang='lat' dir='ltr'><strong>nostri</strong></span> <span class='ocrx_word' id='word_1_293' title='bbox 1437 1895 1514 1917; x_wconf 86' lang='lat' dir='ltr'><strong>even</strong></span> <span class='ocrx_word' id='word_1_294' title='bbox 1537 1887 1694 1927; x_wconf 64' lang='lat' dir='ltr'><strong>ordinary,</strong></span> 
     </span>
    </p>
   </div>
   <div class='ocr_carea' id='block_1_9' title="bbox 1058 1936 1696 2723">
    <p class='ocr_par' dir='ltr' id='par_1_13' title="bbox 1058 1936 1696 2322">
     <span class='ocr_line' id='line_1_58' title="bbox 1061 1936 1695 1974; baseline 0.008 -10"><span class='ocrx_word' id='word_1_295' title='bbox 1061 1945 1096 1964; x_wconf 83' lang='lat' dir='ltr'><strong>as</strong></span> <span class='ocrx_word' id='word_1_296' title='bbox 1120 1937 1262 1974; x_wconf 88' lang='lat' dir='ltr'><strong>opposed</strong></span> <span class='ocrx_word' id='word_1_297' title='bbox 1288 1939 1323 1966; x_wconf 92' lang='lat' dir='ltr'><strong>to</strong></span> <span class='ocrx_word' id='word_1_298' title='bbox 1349 1936 1558 1967; x_wconf 71' lang='lat' dir='ltr'><strong>sacramenta]</strong></span> <span class='ocrx_word' id='word_1_299' title='bbox 1583 1937 1695 1970; x_wconf 64' lang='lat' dir='ltr'><strong>breed.</strong></span> 
     </span>
     <span class='ocr_line' id='line_1_59' title="bbox 1062 1985 1695 2026; baseline 0.005 -11"><span class='ocrx_word' id='word_1_300' title='bbox 1062 1985 1148 2015; x_wconf 87' lang='lat' dir='ltr'><strong>Note</strong></span> <span class='ocrx_word' id='word_1_301' title='bbox 1162 1987 1217 2016; x_wconf 86' lang='lat' dir='ltr'><strong>the</strong></span> <span class='ocrx_word' id='word_1_302' title='bbox 1235 1996 1292 2016; x_wconf 82' lang='lat' dir='ltr'><strong>use</strong></span> <span class='ocrx_word' id='word_1_303' title='bbox 1310 1987 1346 2017; x_wconf 82' lang='lat' dir='ltr'><strong>of</strong></span> <span class='ocrx_word' id='word_1_304' title='bbox 1356 1987 1456 2026; x_wconf 70' lang='lat' dir='ltr'><strong>panis</strong></span> <span class='ocrx_word' id='word_1_305' title='bbox 1475 1987 1527 2016; x_wconf 78' lang='lat' dir='ltr'><strong>for</strong></span> <span class='ocrx_word' id='word_1_306' title='bbox 1547 1987 1604 2017; x_wconf 79' lang='lat' dir='ltr'><strong>the</strong></span> <span class='ocrx_word' id='word_1_307' title='bbox 1623 1996 1695 2018; x_wconf 80' lang='lat' dir='ltr'><strong>oon-</strong></span> 
     </span>
     <span class='ocr_line' id='line_1_60' title="bbox 1060 2036 1693 2076; baseline 0.003 -10"><span class='ocrx_word' id='word_1_308' title='bbox 1060 2036 1204 2066; x_wconf 82' lang='lat' dir='ltr'><strong>secrated</strong></span> <span class='ocrx_word' id='word_1_309' title='bbox 1233 2036 1382 2067; x_wconf 77' lang='lat' dir='ltr'><strong>element-</strong></span> <span class='ocrx_word' id='word_1_310' title='bbox 1433 2037 1548 2076; x_wconf 88' lang='lat' dir='ltr'><strong>Comp.</strong></span> <span class='ocrx_word' id='word_1_311' title='bbox 1580 2038 1693 2076; x_wconf 72' lang='lat' dir='ltr'><strong>above,</strong></span> 
     </span>
     <span class='ocr_line' id='line_1_61' title="bbox 1058 2086 1693 2125; baseline 0.008 -11"><span class='ocrx_word' id='word_1_312' title='bbox 1058 2095 1180 2124; x_wconf 86' lang='lat' dir='ltr'><strong>panem.</strong></span> <span class='ocrx_word' id='word_1_313' title='bbox 1202 2086 1254 2116; x_wconf 86' lang='lat' dir='ltr'><strong>De</strong></span> <span class='ocrx_word' id='word_1_314' title='bbox 1268 2086 1349 2116; x_wconf 88' lang='lat' dir='ltr'><strong>1d01.</strong></span> <span class='ocrx_word' id='word_1_315' title='bbox 1364 2096 1391 2117; x_wconf 86' lang='lat' dir='ltr'><strong>c.</strong></span> <span class='ocrx_word' id='word_1_316' title='bbox 1407 2095 1430 2124; x_wconf 86' lang='lat'><strong>1,</strong></span> <span class='ocrx_word' id='word_1_317' title='bbox 1439 2096 1473 2117; x_wconf 90' lang='lat' dir='ltr'><strong>n.</strong></span> <span class='ocrx_word' id='word_1_318' title='bbox 1481 2095 1511 2125; x_wconf 80' lang='lat'><strong>5.</strong></span> <span class='ocrx_word' id='word_1_319' title='bbox 1542 2087 1624 2118; x_wconf 78' lang='lat' dir='ltr'><strong>Also</strong></span> <span class='ocrx_word' id='word_1_320' title='bbox 1638 2087 1693 2119; x_wconf 82' lang='lat' dir='ltr'><strong>Ad</strong></span> 
     </span>
     <span class='ocr_line' id='line_1_62' title="bbox 1061 2135 1696 2177; baseline 0.006 -13"><span class='ocrx_word' id='word_1_321' title='bbox 1061 2135 1159 2165; x_wconf 84' lang='lat' dir='ltr'><strong>Uxor.</strong></span> <span class='ocrx_word' id='word_1_322' title='bbox 1175 2144 1214 2166; x_wconf 85' lang='lat'><strong>11.</strong></span> <span class='ocrx_word' id='word_1_323' title='bbox 1227 2143 1263 2174; x_wconf 82' lang='lat'><strong>5:</strong></span> <span class='ocrx_word' id='word_1_324' title='bbox 1283 2135 1359 2166; x_wconf 86' lang='lat' dir='ltr'><strong>Non</strong></span> <span class='ocrx_word' id='word_1_325' title='bbox 1376 2137 1452 2167; x_wconf 80' lang='lat' dir='ltr'><strong>sciet</strong></span> <span class='ocrx_word' id='word_1_326' title='bbox 1464 2137 1597 2167; x_wconf 80' lang='lat' dir='ltr'><strong>maritus</strong></span> <span class='ocrx_word' id='word_1_327' title='bbox 1615 2137 1696 2177; x_wconf 77' lang='lat' dir='ltr'><strong>quid</strong></span> 
     </span>
     <span class='ocr_line' id='line_1_63' title="bbox 1059 2186 1694 2226; baseline 0.008 -13"><span class='ocrx_word' id='word_1_328' title='bbox 1059 2188 1174 2214; x_wconf 77' lang='lat' dir='ltr'><strong>secreto</strong></span> <span class='ocrx_word' id='word_1_329' title='bbox 1189 2187 1261 2215; x_wconf 82' lang='lat' dir='ltr'><strong>ante</strong></span> <span class='ocrx_word' id='word_1_330' title='bbox 1273 2194 1388 2215; x_wconf 85' lang='lat' dir='ltr'><strong>omnem</strong></span> <span class='ocrx_word' id='word_1_331' title='bbox 1403 2186 1503 2216; x_wconf 79' lang='lat' dir='ltr'><strong>cibum</strong></span> <span class='ocrx_word' id='word_1_332' title='bbox 1515 2186 1644 2226; x_wconf 71' lang='lat' dir='ltr'><strong>qums?</strong></span> <span class='ocrx_word' id='word_1_333' title='bbox 1663 2189 1694 2218; x_wconf 70' lang='lat' dir='ltr'><strong>et</strong></span> 
     </span>
     <span class='ocr_line' id='line_1_64' title="bbox 1059 2234 1693 2274; baseline 0.009 -11"><span class='ocrx_word' id='word_1_334' title='bbox 1059 2234 1088 2264; x_wconf 84' lang='lat' dir='ltr'><strong>si</strong></span> <span class='ocrx_word' id='word_1_335' title='bbox 1095 2234 1221 2264; x_wconf 76' lang='lat' dir='ltr'><strong>sciverit</strong></span> <span class='ocrx_word' id='word_1_336' title='bbox 1228 2244 1350 2274; x_wconf 84' lang='lat' dir='ltr'><strong>panem,</strong></span> <span class='ocrx_word' id='word_1_337' title='bbox 1357 2245 1417 2265; x_wconf 83' lang='lat' dir='ltr'><strong>non</strong></span> <span class='ocrx_word' id='word_1_338' title='bbox 1426 2235 1516 2266; x_wconf 79' lang='lat' dir='ltr'><strong>illum</strong></span> <span class='ocrx_word' id='word_1_339' title='bbox 1523 2237 1622 2268; x_wconf 74' lang='lat' dir='ltr'><strong>credie</strong></span> <span class='ocrx_word' id='word_1_340' title='bbox 1628 2246 1693 2269; x_wconf 70' lang='lat' dir='ltr'><strong>esse</strong></span> 
     </span>
     <span class='ocr_line' id='line_1_65' title="bbox 1060 2283 1270 2322; baseline 0.005 -10"><span class='ocrx_word' id='word_1_341' title='bbox 1060 2284 1116 2322; x_wconf 83' lang='lat' dir='ltr'><strong>qui</strong></span> <span class='ocrx_word' id='word_1_342' title='bbox 1129 2283 1270 2313; x_wconf 79' lang='lat' dir='ltr'><strong>dicitur?</strong></span> 
     </span>
    </p>

    <p class='ocr_par' dir='ltr' id='par_1_14' title="bbox 1059 2332 1692 2521">
     <span class='ocr_line' id='line_1_66' title="bbox 1120 2332 1692 2375; baseline 0.007 -12"><span class='ocrx_word' id='word_1_343' title='bbox 1120 2332 1148 2351; x_wconf 84' lang='lat'><strong>¹⁶</strong></span> <span class='ocrx_word' id='word_1_344' title='bbox 1166 2334 1347 2365; x_wconf 83' lang='lat' dir='ltr'><strong>calceatum.</strong></span> <span class='ocrx_word' id='word_1_345' title='bbox 1373 2335 1488 2375; x_wconf 85' lang='lat' dir='ltr'><strong>Comp.</strong></span> <span class='ocrx_word' id='word_1_346' title='bbox 1500 2336 1583 2367; x_wconf 88' lang='lat' dir='ltr'><strong>Plin.</strong></span> <span class='ocrx_word' id='word_1_347' title='bbox 1594 2336 1637 2367; x_wconf 79' lang='lat' dir='ltr'><strong>N.</strong></span> <span class='ocrx_word' id='word_1_348' title='bbox 1646 2336 1692 2367; x_wconf 84' lang='lat' dir='ltr'><strong>H.</strong></span> 
     </span>
     <span class='ocr_line' id='line_1_67' title="bbox 1061 2384 1690 2423; baseline 0.006 -11"><span class='ocrx_word' id='word_1_349' title='bbox 1061 2391 1190 2414; x_wconf 82' lang='lat' dir='ltr'><strong>xxvm.</strong></span> <span class='ocrx_word' id='word_1_350' title='bbox 1221 2391 1255 2421; x_wconf 88' lang='lat'><strong>7:</strong></span> <span class='ocrx_word' id='word_1_351' title='bbox 1283 2384 1373 2414; x_wconf 82' lang='lat' dir='ltr'><strong>Inter</strong></span> <span class='ocrx_word' id='word_1_352' title='bbox 1394 2385 1532 2415; x_wconf 83' lang='lat' dir='ltr'><strong>amuleta</strong></span> <span class='ocrx_word' id='word_1_353' title='bbox 1554 2388 1609 2423; x_wconf 76' lang='lat' dir='ltr'><strong>est,</strong></span> <span class='ocrx_word' id='word_1_354' title='bbox 1639 2385 1690 2416; x_wconf 81' lang='lat' dir='ltr'><strong>in-</strong></span> 
     </span>
     <span class='ocr_line' id='line_1_68' title="bbox 1059 2433 1690 2475; baseline 0.006 -13"><span class='ocrx_word' id='word_1_355' title='bbox 1059 2442 1168 2471; x_wconf 83' lang='lat' dir='ltr'><strong>spuere</strong></span> <span class='ocrx_word' id='word_1_356' title='bbox 1181 2433 1214 2462; x_wconf 86' lang='lat' dir='ltr'><strong>in</strong></span> <span class='ocrx_word' id='word_1_357' title='bbox 1227 2434 1462 2464; x_wconf 73' lang='lat' dir='ltr'><strong>calciamentum</strong></span> <span class='ocrx_word' id='word_1_358' title='bbox 1474 2435 1690 2475; x_wconf 63' lang='lat' dir='ltr'><strong>dextripedis,</strong></span> 
     </span>
     <span class='ocr_line' id='line_1_69' title="bbox 1060 2483 1686 2521; baseline 0.006 -9"><span class='ocrx_word' id='word_1_359' title='bbox 1060 2486 1225 2521; x_wconf 81' lang='lat' dir='ltr'><strong>antequam</strong></span> <span class='ocrx_word' id='word_1_360' title='bbox 1237 2483 1399 2514; x_wconf 81' lang='lat' dir='ltr'><strong>induatur.</strong></span> <span class='ocrx_word' id='word_1_361' title='bbox 1684 2487 1686 2489; x_wconf 72' lang='grc'><strong><em>’</em></strong></span> 
     </span>
    </p>

    <p class='ocr_par' dir='ltr' id='par_1_15' title="bbox 1059 2531 1692 2723">
     <span class='ocr_line' id='line_1_70' title="bbox 1121 2531 1692 2574; baseline 0.005 -13"><span class='ocrx_word' id='word_1_362' title='bbox 1121 2531 1148 2552; x_wconf 90' lang='lat'><strong>¹⁷</strong></span> <span class='ocrx_word' id='word_1_363' title='bbox 1167 2532 1213 2562; x_wconf 86' lang='lat' dir='ltr'><strong>ad</strong></span> <span class='ocrx_word' id='word_1_364' title='bbox 1226 2532 1354 2563; x_wconf 85' lang='lat' dir='ltr'><strong>lumina.</strong></span> <span class='ocrx_word' id='word_1_365' title='bbox 1377 2533 1447 2564; x_wconf 84' lang='lat' dir='ltr'><strong>The</strong></span> <span class='ocrx_word' id='word_1_366' title='bbox 1457 2534 1535 2564; x_wconf 78' lang='lat' dir='ltr'><strong>time</strong></span> <span class='ocrx_word' id='word_1_367' title='bbox 1547 2534 1584 2564; x_wconf 84' lang='lat' dir='ltr'><strong>of</strong></span> <span class='ocrx_word' id='word_1_368' title='bbox 1592 2534 1692 2574; x_wconf 78' lang='lat' dir='ltr'><strong>light-</strong></span> 
     </span>
     <span class='ocr_line' id='line_1_71' title="bbox 1059 2581 1691 2624; baseline 0.005 -13"><span class='ocrx_word' id='word_1_369' title='bbox 1059 2581 1117 2620; x_wconf 86' lang='lat' dir='ltr'><strong>ing</strong></span> <span class='ocrx_word' id='word_1_370' title='bbox 1137 2581 1240 2621; x_wconf 84' lang='lat' dir='ltr'><strong>lamps</strong></span> <span class='ocrx_word' id='word_1_371' title='bbox 1259 2591 1324 2612; x_wconf 80' lang='lat' dir='ltr'><strong>was</strong></span> <span class='ocrx_word' id='word_1_372' title='bbox 1344 2583 1419 2612; x_wconf 85' lang='lat' dir='ltr'><strong>held</strong></span> <span class='ocrx_word' id='word_1_373' title='bbox 1433 2584 1542 2613; x_wconf 82' lang='lat' dir='ltr'><strong>sacred</strong></span> <span class='ocrx_word' id='word_1_374' title='bbox 1557 2584 1636 2614; x_wconf 87' lang='lat' dir='ltr'><strong>both</strong></span> <span class='ocrx_word' id='word_1_375' title='bbox 1649 2585 1691 2624; x_wconf 83' lang='lat' dir='ltr'><strong>by</strong></span> 
     </span>
     <span class='ocr_line' id='line_1_72' title="bbox 1059 2632 1689 2665; baseline 0.008 -5"><span class='ocrx_word' id='word_1_376' title='bbox 1059 2632 1214 2661; x_wconf 86' lang='lat' dir='ltr'><strong>heathens</strong></span> <span class='ocrx_word' id='word_1_377' title='bbox 1252 2632 1316 2662; x_wconf 82' lang='lat' dir='ltr'><strong>and</strong></span> <span class='ocrx_word' id='word_1_378' title='bbox 1345 2632 1532 2664; x_wconf 69' lang='lat' dir='ltr'><strong>Christiana.</strong></span> <span class='ocrx_word' id='word_1_379' title='bbox 1570 2633 1620 2664; x_wconf 74' lang='lat' dir='ltr'><strong>La</strong></span> <span class='ocrx_word' id='word_1_380' title='bbox 1648 2633 1689 2665; x_wconf 82' lang='lat' dir='ltr'><strong>G.</strong></span> 
     </span>
     <span class='ocr_line' id='line_1_73' title="bbox 1060 2680 1686 2723; baseline 0.006 -12"><span class='ocrx_word' id='word_1_381' title='bbox 1060 2685 1173 2721; x_wconf 77' lang='lat' dir='ltr'><strong>quotes</strong></span> <span class='ocrx_word' id='word_1_382' title='bbox 1194 2680 1299 2713; x_wconf 80' lang='lat' dir='ltr'><strong>Varro</strong></span> <span class='ocrx_word' id='word_1_383' title='bbox 1321 2681 1372 2713; x_wconf 84' lang='lat' dir='ltr'><strong>De</strong></span> <span class='ocrx_word' id='word_1_384' title='bbox 1393 2682 1431 2713; x_wconf 90' lang='lat' dir='ltr'><strong>L.</strong></span> <span class='ocrx_word' id='word_1_385' title='bbox 1451 2682 1491 2715; x_wconf 87' lang='lat' dir='ltr'><strong>L.</strong></span> <span class='ocrx_word' id='word_1_386' title='bbox 1519 2682 1613 2723; x_wconf 84' lang='lat' dir='ltr'><strong>[vm.</strong></span> <span class='ocrx_word' id='word_1_387' title='bbox 1634 2682 1686 2722; x_wconf 68' lang='lat'><strong>412</strong></span> 
     </span>
    </p>
   </div>
  </div>
 </body>
</html>
