1812 2956
362 199 418 245 '74
726 199 1135 241 TERTULLIANI
1166 204 1340 240 LIBER

150 346 250 377 CAP.
264 346 329 377 1x.
361 350 468 378 rans
501 334 591 377 alia
625 334 699 377 via
733 334 978 390 digreSSOS,
1017 333 1235 389 quoniam
1269 337 1319 378 et
1353 348 1444 390 qua
1472 336 1702 379 venerant

696 411 834 454 Adeo
865 410 986 454 viam
1016 414 1194 455 rectam
1231 414 1280 455 et
1315 408 1602 468 disciplinam
1633 410 1701 454 in-

362 489 576 546 telligere
615 488 851 533 debemus.
921 489 1088 544 Itaque
1125 489 1272 546 magis
1314 492 1611 546 praeceptum,
1646 491 1701 532 ut

365 566 536 611 exinde
570 566 706 610 aliter
738 565 1024 610 incederent.
1096 566 1171 610 Sic
1205 569 1255 610 et
1289 566 1379 610 alia
1410 566 1489 610 illa
1523 566 1700 623 species

362 644 541 700 magiae,
587 659 687 699 quae
731 643 963 687 miraculis
1018 647 1250 699 operatur,
1295 643 1436 687 etiam
1482 643 1700 688 adversus

145 733 230 789 {1131-
242 734 283 759 νῦ.
297 734 335 764 11,
362 721 560 778 Moysen
590 720 801 764 aemulata
832 720 1104 777 patientiam
1127 707 1221 764 Dei
1244 721 1390 764 traxit
1415 721 1476 763 ad
1504 733 1702 777 evange-

147 784 329 822 E¹⁰‘³·v¹³³⁷·
363 800 477 843 lium
499 813 658 855 usque.
722 800 846 842 Nam
868 799 1038 843 exinde
1061 802 1111 842 et
1136 799 1294 843 Simon
1316 798 1485 855 Magus
1507 797 1702 856 jamjam

364 877 524 928 fidelis,
544 876 761 932 quoniam
781 876 956 931 aliquid
978 875 1130 920 adhuc
1152 876 1212 920 de
1236 875 1530 920 circulatoria
1550 877 1702 920 secta⁰

146 971 208 1028 aa.
222 970 345 997 vm18-
365 954 609 1011 cogitaret,
653 957 708 997 ut
753 953 931 997 scilicet
972 953 1095 996 inter
1139 952 1361 996 miracula
1403 950 1701 1010 professionis

364 412 626 469 ignorabat.

365 1047 460 1077 suae
484 1032 623 1076 etiam
656 1031 877 1088 Spiritum
909 1031 1129 1074 Sanctum
1157 1045 1242 1087 per
1269 1045 1488 1074 manuum
1518 1029 1701 1088 imposi-

364 1110 542 1153 tionem
563 1110 882 1160 enundinaret,
907 1109 1180 1152 maledictus
1201 1109 1259 1152 ab
1283 1109 1503 1166 apostolis
1526 1109 1586 1153 de
1608 1108 1701 1152 fide

146 1198 208 1253 ΙΨ.
229 1197 341 1224 xiii-6-
365 1188 542 1244 eJectus
580 1190 677 1237 est;
713 1186 833 1229 alter
867 1199 1043 1242 magus,
1082 1185 1161 1240 qui
1197 1200 1303 1229 cum
1340 1186 1503 1242 Sergio
1539 1185 1699 1236 Paulo,

366 1263 584 1319 quoniam
617 1263 783 1306 iisdem
822 1261 1152 1306 adversabatur
1188 1262 1437 1319 apostolus,
1477 1262 1702 1306 luminum

363 1341 608 1384 amissione
645 1340 895 1383 mulctatus
921 1343 1004 1384 est.
1075 1339 1182 1383 Hoc
1206 1343 1256 1383 et
1278 1339 1500 1396 astrologi
1522 1339 1701 1385 retulis-

364 1422 482 1469 sent,
521 1418 676 1468 credo,
715 1417 754 1461 si
791 1416 892 1472 quis
918 1417 967 1459 in
995 1415 1229 1473 apostolos
1257 1416 1510 1461 incidisset.
1564 1417 1701 1461 Atta-

363 1509 472 1537 men
491 1508 595 1537 cum
614 1493 766 1549 magia
783 1493 983 1549 punitur,
1002 1493 1132 1549 cujus
1151 1496 1223 1537 est
1241 1493 1419 1549 species
1436 1493 1698 1550 astrologia,

363 1571 525 1626 utique
549 1575 598 1614 et
622 1571 798 1626 species
821 1571 869 1613 in
891 1585 1065 1626 genere
1089 1570 1347 1613 damnatur.
1416 1570 1533 1614 Post
1567 1585 1700 1613 evan-

363 1647 536 1703 gelium
576 1661 802 1702 nusquam
838 1646 1044 1690 invenias
1079 1650 1160 1689 aut
1197 1646 1424 1702 sophistas
1455 1649 1536 1689 aut
1567 1645 1700 1690 Chal-

365 1724 490 1767 daeos
519 1727 601 1766 aut
629 1723 943 1767 incantatores
978 1727 1060 1766 aut
1094 1723 1384 1779 conjectores
1411 1727 1494 1766 aut
1523 1738 1697 1780 magos,

414 1818 428 1837 9
438 1819 646 1849 circulatoria
653 1821 748 1849 secta.
772 1818 996 1855 circulatores,

361 1869 513 1899 itinerant
521 1868 680 1908 juggler3‚
694 1869 854 1907 supposed
867 1871 901 1898 to
921 1877 995 1907 per-

361 1920 444 1948 form
468 1919 553 1948 their
574 1918 672 1948 tricks
686 1919 727 1957 by
745 1918 860 1957 magio.
894 1917 993 1956 Apul.

361 1969 443 2000 Met.
460 1978 487 1999 c.
502 1978 536 2005 4:
558 1968 605 1998 Et
620 1972 721 1998 tamen
734 1967 864 1998 Athenis
878 1968 995 2007 proaei-

361 2028 410 2048 mo
444 2022 473 2049 et
507 2021 578 2048 ante
612 2018 751 2048 Poecilen
781 2018 841 2048 isto
875 2019 995 2057 qemino

361 2069 466 2099 obtutu
500 2069 612 2107 aspexi
647 2072 814 2107 equestrem
850 2069 996 2107 spatham

354 2121 555 2156 praeacutam
586 2127 729 2147 mucrone
760 2118 872 2157 infesto
903 2118 995 2148 devo-

359 2177 458 2204 rasse,
485 2171 513 2197 et
539 2177 611 2196 mox
640 2168 765 2198 eundem
798 2168 995 2198 invitamento

361 2219 483 2257 exiquoe
505 2218 597 2256 stipis
625 2218 819 2247 venatoriam
842 2218 993 2256 lanceam,

361 2277 426 2307 qua
446 2270 542 2306 parte
568 2267 706 2296 minatur
728 2267 856 2297 eaeitium
875 2267 909 2297 in
930 2268 995 2297 ima

359 2319 482 2349 viscera
512 2318 698 2348 condidisse.
744 2318 792 2348 Et
817 2327 884 2348 ecce
910 2328 994 2357 pone

359 2369 473 2398 lanceae
482 2368 623 2407 serrum,
639 2377 704 2407 qua
718 2368 865 2397 bacillum
878 2368 994 2398 inversi

358 2419 414 2448 teli
423 2417 468 2447 ad
474 2418 652 2456 occipitium
660 2427 722 2456 per
730 2417 894 2456 inqluviem
901 2417 993 2455 subit,

353 2477 436 2506 puer
445 2468 478 2496 in
487 2468 644 2497 mollitiem
653 2467 793 2504 decorus,
804 2467 895 2506 inque
895 2467 994 2506 flesti-

360 2517 416 2546 bus
423 2517 570 2546 tortuosis
580 2526 721 2546 enervam
735 2520 763 2546 et
777 2526 917 2546 exossam
929 2517 993 2546 sal-

359 2566 505 2595 tationem
526 2567 673 2605 coeplicat,
695 2576 762 2596 cum
784 2566 917 2596 omnium
938 2567 994 2605 qui

359 2615 493 2645 aderant
506 2613 723 2646 admiratione.

412 2664 439 2683 ¹⁰
453 2666 676 2697 climacterica.
699 2667 707 2683 ‘
716 2666 805 2696 Dicit
819 2668 907 2696 certa
919 2661 992 2695 vitae

359 2714 464 2753 spatia
477 2724 535 2753 per
548 2724 647 2744 annos
664 2725 776 2746 novem
797 2719 854 2745 aut
870 2718 992 2754 septem

358 2763 486 2796 scansili
495 2763 621 2794 ‘ratione
632 2764 800 2800 currentia,
812 2773 882 2803 quae
895 2763 991 2794 chal-

1065 1818 1125 1848 daei
1147 1818 1324 1857 periculosa
1344 1827 1412 1849 esse
1432 1818 1602 1858 affirmant,
1614 1827 1699 1858 χιτω-

1066 1867 1158 1906 cipue
1178 1877 1252 1898 vero
1274 1877 1393 1898 annum
1406 1871 1454 1907 63.
1496 1868 1592 1898 Hunc
1615 1868 1699 1899 enim

1064 1917 1112 1947 illi
1125 1918 1307 1948 climactera
1319 1918 1510 1956 ἅνδροκλῆν,
1517 1918 1551 1948 id
1564 1920 1613 1948 est
1621 1918 1701 1948 viri-

1055 1967 1194 2006 fraqum
1222 1967 1410 2007 appellant!
1452 1967 1534 1998 Bm.
1588 1967 1699 1998 Hence

1064 2017 1120 2047 the
1141 2017 1278 2057 English
1299 2020 1392 2055 term,
1413 2015 1491 2048 ‘the
1513 2018 1618 2056 grand
1640 2017 1697 2048 cli-

1065 2065 1238 2097 macteric.’

1126 2115 1151 2134 ¹¹
1172 2116 1302 2155 diqitus.
1354 2117 1554 2148 ‘Utebantur
1573 2117 1698 2148 mathc-

1064 2166 1172 2196 matici
1185 2167 1294 2206 digitis
1306 2167 1347 2196 ad
1361 2176 1433 2197 suas
1443 2167 1696 2207 supputationes.

1065 2216 1148 2247 Plin.
1160 2217 1223 2256 Ep.
1238 2226 1277 2248 11.
1293 2227 1348 2250 20:
1373 2218 1528 2256 Quotidie,
1538 2227 1603 2257 qua
1616 2218 1698 2248 hora

1063 2270 1141 2296 nata
1151 2270 1237 2302 esset,
1247 2267 1461 2306 interroqavit.
1491 2268 1555 2298 Ubi
1564 2267 1696 2306 audivit,

1064 2316 1218 2354 componit
1230 2316 1357 2354 vultum,
1367 2317 1499 2347 intendit
1510 2318 1624 2356 oculos,
1632 2328 1696 2348 mo-

1063 2368 1111 2394 vet
1133 2365 1230 2402 labia,
1257 2366 1360 2405 ayitat
1390 2366 1514 2406 digitos,
1541 2370 1698 2408 computat

1063 2414 1143 2444 diu.'
1186 2415 1298 2445 Onm..

1124 2464 1151 2482 ¹²
1170 2465 1293 2495 radius.
1326 2466 1598 2497 ‘Instrumentum
1627 2476 1696 2497 ma-

1062 2515 1268 2545 thematicum
1287 2516 1328 2546 ad
1341 2516 1545 2554 metiendum,
1559 2520 1593 2547 et
1611 2517 1696 2556 figu-

1062 2573 1112 2593 ras
1119 2564 1280 2604 lineasque
1288 2565 1320 2595 in
1328 2566 1457 2604 pulvere
1465 2566 1694 2598 detor-mandas.

1064 2613 1131 2644 Cic.
1148 2613 1244 2645 Tusc.
1257 2623 1289 2645 v.
1304 2625 1352 2653 23,
1366 2615 1509 2645 humilem
1529 2616 1695 2647 homuncu-

1062 2663 1125 2692 lum
1138 2673 1160 2693 a
1173 2664 1303 2702 pulvere
1316 2667 1346 2694 et
1359 2664 1452 2694 radio
1465 2664 1616 2702 excitabo,
1629 2665 1695 2696 Ar-

1062 2712 1238 2743 chimedem.
1289 2714 1381 2753 Virg.
1405 2713 1479 2745 Ecl.
1500 2722 1555 2746 111.
1578 2723 1625 2751 40,
1647 2714 1696 2746 Et

1061 2763 1133 2802 quis
1145 2763 1218 2802 ficit
1237 2763 1329 2801 alter,
1341 2763 1523 2804 Descripsit
1536 2763 1634 2795 ‘radio
1646 2767 1695 2796 to-
