1812 2956
141 329 239 361 CAP.
254 330 299 360 X.

120 715 204 740 Exod.
215 715 284 740 xxiii.

120 746 158 770 13.

120 775 207 801 Exod.
218 782 260 801 xx.
275 776 296 802 7.

337 182 398 228 78·
688 193 1099 233 TERTULLIANI
1136 197 1313 237 LIBER

337 325 489 376 docet,
515 327 822 378 commendat,
848 327 959 370 dum
985 329 1144 380 tradit,
1167 330 1376 383 affirmat,
1410 331 1521 374 dum
1550 341 1675 376 com-

336 406 577 453 memorat,
613 404 931 448 testimonium
965 405 1091 452 dicit.
1160 407 1290 451 Deos
1325 408 1448 464 ipsos
1475 409 1564 453 hoc
1594 423 1676 452 no-

337 479 460 522 mine
498 480 763 537 obsignat¹¹,
801 497 907 525 cum
942 482 1021 525 lex
1065 483 1322 539 prohibeat,
1363 489 1418 528 ut
1459 476 1680 536 diximus,'

339 556 452 600 deos
486 558 774 612 pronuntiari
801 562 851 601 et
877 573 1046 603 nomen
1073 560 1161 604 hoc
1190 561 1238 603 in
1263 576 1382 605 vano
1406 562 1673 606 collocari¹².

339 633 463 678 Hinc
491 634 639 690 prima
665 635 850 679 diabolo
876 637 990 680 fides
1020 638 1274 682 aedificatur
1304 639 1364 682 ab
1394 639 1537 683 initiis
1571 653 1677 683 eru·-

340 710 539 754 ditionis.
601 712 781 763 Quaere,
811 728 870 756 an
898 714 1206 758 idololatriam
1234 716 1495 759 committat
1518 716 1596 771 qui
1616 715 1677 759 de·

339 788 474 831 idolis
498 789 766 834 catechizat.
830 791 898 834 At
921 806 1027 835 cum
1050 792 1196 835 fidelis
1219 792 1319 836 haec
1343 793 1492 844 discit,
1516 793 1556 836 si
1577 793 1678 850 jam

340 866 460 921 sapit
493 867 610 920 qui¹³
639 867 711 918 sit,
743 882 894 923 neque
917 869 1084 925 recipit
1112 884 1263 925 neque
1286 870 1506 920 admittit,
1529 869 1677 914 multo

339 943 486 998 magis
515 943 554 986 si
580 944 786 987 nondum
815 946 934 1002 sapit
943 948 986 990 ¹4.
1049 947 1150 990 Aut
1179 947 1259 990 ubi
1288 947 1478 1003 coeperit
1501 961 1676 1003 sapere,

341 1019 467 1075 prius
500 1021 649 1077 sapiat
683 1027 870 1079 oportet
905 1024 1030 1078 quod
1060 1024 1186 1080 prius
1221 1025 1396 1075 didicit,
1429 1025 1480 1067 id
1513 1028 1586 1068 est
1616 1023 1677 1067 de

342 1097 449 1140 Deo
479 1101 528 1140 et
556 1098 660 1141 fide.
730 1100 934 1143 Proinde
963 1100 1040 1143 illa
1070 1105 1259 1157 respuet
1281 1115 1368 1144 nec
1390 1100 1598 1156 recipiet,
1626 1103 1678 1144 et

344 1174 433 1216 erit
456 1178 553 1217 tam
575 1179 718 1226 tutus,
751 1191 887 1231 quam
912 1177 990 1232 qui
1013 1177 1161 1221 sciens
1183 1192 1410 1221 venenum
1432 1178 1492 1220 ab
1514 1178 1678 1233 ignaro

343 1251 513 1307 accipit
533 1266 620 1296 nec
643 1253 774 1298 bibit.
828 1254 952 1298 Huic
975 1254 1226 1298 necessitas
1248 1254 1310 1297 ad
1332 1254 1679 1298 excusationem

344 1327 607 1384 deputatur,
638 1331 745 1385 quia
773 1330 908 1374 aliter
941 1331 1119 1375 discere
1155 1346 1249 1375 non
1286 1335 1454 1388 potest.
1523 1332 1678 1375 Tanto

343 1409 501 1448 autem
536 1406 715 1451 facilius
751 1412 823 1451 est
855 1408 1034 1452 litteras
1070 1423 1164 1452 non
1202 1409 1371 1453 docere
1412 1423 1550 1464 quam
1584 1423 1679 1452 non

344 1482 534 1534 discere,
561 1489 733 1539 quanto
759 1489 808 1528 et
830 1485 1006 1540 reliqua
1029 1485 1289 1529 scholarum
1312 1485 1371 1529 de
1395 1485 1590 1542 publicis
1622 1499 1678 1530 ae

343 1560 577 1616 propriis¹⁵
604 1561 987 1606 sollemnitatibus
1016 1561 1363 1617 inquinamenta
1387 1561 1566 1606 facilius
1589 1561 1680 1606 dis-

406 1676 429 1694 ¹¹
451 1677 539 1706 Deos
560 1678 714 1718 obsiqnat,
736 1681 801 1709 sets
818 1689 838 1709 a
859 1680 924 1709 seal
942 1682 977 1710 to

343 1726 428 1756 their
455 1727 594 1767 divinity.
635 1728 758 1767 Below,
786 1738 813 1758 c.
838 1739 884 1766 12,
904 1733 979 1768 post

334 1777 435 1816 fidem
444 1777 647 1816 obsiqnatam.
676 1778 861 1818 Obsiqnare,
868 1782 903 1808 to
912 1780 979 1810 seal

1106 1679 1134 1698 ¹⁴
1153 1680 1183 1710 si
1202 1681 1336 1710 nondum
1354 1680 1453 1720 sapit.
1491 1681 1568 1720 Rig.
1593 1681 1678 1711 from

1044 1730 1179 1769 conject.
1201 1730 1327 1761 dudum.
1360 1731 1494 1761 nondum
1517 1731 1544 1761 is
1558 1732 1676 1770 better,

1041 1781 1088 1810 ‘if
1098 1781 1154 1811 the
1168 1790 1282 1820 person
1296 1781 1323 1811 is
1335 1784 1390 1821 yet
1402 1790 1438 1811 so
1450 1790 1560 1821 young
1572 1790 1608 1815 as
1619 1783 1679 1812 not

343 1826 385 1865 by
407 1836 476 1866 way
498 1827 535 1856 of
551 1827 739 1858 dedication.
771 1828 823 1858 Ad
838 1829 935 1860 Uxor.
954 1838 977 1859 1.

344 1885 373 1905 c.
385 1879 421 1906 6:
442 1876 548 1906 statim
568 1887 590 1907 a
608 1877 737 1907 lavacro
751 1887 874 1908 carnem
888 1887 979 1908 suam

345 1926 521 1965 obsiqnant.
565 1927 616 1957 De
633 1928 718 1958 Cult.
732 1928 833 1959 Foem.
849 1937 887 1960 11.
902 1938 929 1960 c.
942 1939 978 1967 9:

344 1986 376 2006 se
389 1977 582 2016 spadonatui
595 1979 768 2018 obsiqnant,
777 1979 883 2009 where
891 1988 978 2010 some

343 2027 421 2056 read
434 2027 607 2067 assiqnant.

405 2076 432 2094 ¹²
452 2077 486 2106 in
512 2087 593 2107 vano
615 2077 777 2110 collocari.
827 2078 896 2108 The
915 2078 979 2109 law

343 2125 466 2155 forbids
488 2126 498 2142 ‘
507 2127 562 2156 the
576 2136 668 2156 name
682 2127 718 2156 of
730 2127 803 2157 God
817 2130 851 2157 to
864 2128 905 2157 be
918 2130 979 2167 put

344 2185 431 2214 upon
443 2184 462 2204 a
474 2175 545 2205 vain
559 2175 675 2214 thing!
695 2176 819 2216 Dogds.
830 2177 929 2206 refers
944 2179 978 2206 to

343 2225 428 2255 Adv.
444 2225 540 2256 Prax.
557 2234 585 2255 c.
602 2233 629 2264 7.
665 2225 754 2255 Tert.
775 2226 802 2255 is
820 2226 911 2256 there
926 2236 979 2256 ar-

343 2275 447 2314 guing
461 2275 586 2314 against
602 2275 755 2305 heretical
772 2275 868 2306 views
888 2285 923 2305 as
943 2279 978 2306 to

343 2325 400 2354 the
417 2325 532 2355 word:
562 2325 671 2356 Vacua
691 2328 719 2355 et
740 2325 845 2355 inanis
865 2335 914 2355 res
934 2329 979 2356 est

345 2374 453 2405 Sermo
468 2375 543 2413 Dei,
557 2375 612 2414 qui
624 2374 732 2406 Filius
740 2375 841 2405 dictus
854 2379 910 2412 est,
923 2375 978 2415 qui

344 2423 412 2462 ipse
424 2425 514 2455 Deus
522 2425 753 2464 coqnominatus
762 2427 815 2461 est,
824 2428 856 2454 et
868 2425 978 2454 Sermo

344 2478 412 2505 erat
421 2476 506 2514 apud
512 2475 669 2513 Deum,et
675 2474 765 2503 Deus
771 2476 839 2504 erat
847 2474 956 2504 Sermo
962 2474 977 2503 5²

345 2525 503 2565 Scriptum
516 2528 569 2563 est,
584 2525 658 2555 Non
667 2533 772 2554 sumes
785 2533 901 2554 nomen
915 2523 979 2554 Dei

342 2576 375 2606 in
390 2584 519 2606 vanum.

403 2624 431 2642 ¹³
444 2624 510 2663 qui.
531 2622 804 2663 Oeh1.byconjec.
814 2622 901 2662 quid.
922 2623 978 2662 qui

342 2674 394 2711 sit,
408 2674 490 2703 ‘who
505 2673 546 2703 he
560 2673 611 2710 is‚'
624 2673 646 2704 i.
655 2682 683 2704 e.
692 2673 779 2703 what
792 2673 819 2702 is
838 2673 886 2702 his
902 2672 977 2702 cha-

343 2726 448 2755 racter
460 2724 523 2754 and
537 2723 714 2764 profession
725 2732 759 2754 as
772 2732 792 2753 a.
807 2722 977 2754 Christian.

1041 1833 1078 1861 to
1092 1831 1189 1860 know
1202 1831 1290 1861 what
1301 1831 1342 1861 he
1354 1831 1408 1861 is.’
1621 1844 1627 1851 ·

1105 1880 1131 1899 ¹⁵
1141 1881 1282 1920 publicis
1292 1890 1332 1911 ac
1335 1881 1492 1921 propriis.
1519 1880 1678 1921 Cod.Ag.

1044 1931 1108 1961 and
1135 1931 1221 1971 early
1247 1930 1331 1962 Edd.
1345 1931 1497 1970 publicis,
1521 1931 1678 1970 propriis.

1045 1980 1180 2011 Ursinus
1194 1982 1236 2021 by
1255 1981 1388 2020 conjec.,
1407 1980 1486 2020 Rig.
1499 1981 1562 2010 and
1585 1980 1679 2014 Oehl.

1038 2031 1179 2070 publicis
1204 2041 1243 2062 ac
1263 2031 1419 2070 propriis.
1467 2030 1584 2060 Junius
1613 2030 1679 2061 and

1045 2078 1196 2118 Scaliger,
1201 2079 1341 2118 publicis
1352 2081 1381 2109 et
1384 2078 1541 2117 propriis.
1563 2077 1677 2118 Comp-

1044 2128 1096 2158 De
1112 2128 1186 2159 Cor.
1201 2138 1230 2159 c.
1245 2138 1292 2167 13,
1305 2127 1542 2167 municipalium
1554 2127 1677 2157 sollem-

1043 2179 1176 2208 nitatum
1196 2178 1403 2217 proprietate.
1443 2177 1495 2207 De
1516 2175 1624 2216 Speet.
1647 2186 1676 2210 c.

1043 2230 1072 2265 6,
1087 2228 1227 2266 publicis
1242 2226 1508 2267 prosperitatibus
1529 2229 1559 2256 et
1579 2225 1677 2256 muni-

1044 2277 1311 2318 cipalibusfestis.

1105 2326 1165 2357 Ch.
1182 2327 1245 2357 XI.
1287 2325 1298 2344 ¹
1320 2325 1373 2356 De
1386 2325 1636 2366 qam-rationibus
1648 2326 1680 2357 si

1125 2377 1214 2407 Thus
1227 2376 1259 2405 in
1276 2375 1356 2406 Cod.
1372 2375 1453 2415 Ag„
1470 2376 1598 2414 Gangn.
1614 2375 1678 2406 and

1047 2426 1159 2456 Gelen.
1200 2426 1320 2455 Pamel.
1338 2425 1613 2465 Deqenerabimus,
1637 2425 1678 2456 si.

1044 2477 1120 2516 Rig.
1134 2476 1198 2506 and
1217 2476 1347 2506 Herald.
1362 2476 1401 2506 de
1421 2474 1677 2515 neqotationibue.

1045 2526 1157 2564 Rigalt
1180 2525 1275 2555 omits
1293 2525 1332 2555 si.
1374 2525 1443 2554 The
1466 2524 1678 2563 punctuation

1044 2575 1077 2604 in
1091 2575 1147 2605 the
1161 2577 1230 2604 text
1244 2574 1270 2603 is
1286 2575 1355 2604 that
1370 2574 1406 2604 of
1416 2573 1511 2604 Lac.
1527 2573 1678 2603 followed

1044 2626 1086 2664 by
1109 2625 1203 2654 Oehl.
1244 2624 1314 2654 The
1340 2624 1486 2663 apodosis
1507 2623 1534 2652 is
1552 2623 1608 2652 the
1625 2622 1676 2652 in-

1043 2676 1165 2713 terrog.
1192 2673 1494 2713 neyotiatio...apta
1515 2671 1588 2702 est?
1632 2672 1682 2702 ‘11

1044 2732 1131 2763 upon
1152 2723 1207 2754 the
1228 2723 1351 2762 subject
1370 2722 1406 2753 of
1425 2722 1481 2753 the
1499 2720 1678 2762 producing
