1812 2956
365 154 452 196 122
700 158 1111 198 TERTULLIANI
1148 160 1326 198 LIBER
1356 161 1368 165 '

149 301 250 333 CAP.
267 300 340 333 111.
358 292 621 349 jejunium¹³
650 291 780 334 nefas
818 290 1043 341 ducimus,
1077 291 1151 334 vel
1180 292 1405 348 geniculis
1442 293 1640 351 adorare
1649 295 1694 339 ¹⁴.

366 369 547 412 Eadem
577 368 869 412 immunitate
900 383 929 412 a
963 368 1040 412 die
1076 369 1268 413 Paschae
1299 370 1349 412 in
1383 370 1698 416 Pentecosten

365 460 511 501 usque
533 446 802 502 gaudemus.
875 446 1041 491 Calicis
1075 450 1156 490 aut
1178 446 1309 503 panis
1341 447 1482 491 etiam
1511 448 1658 493 nostri
1666 449 1698 476 ¹⁶

366 523 541 578 aliquid
561 522 720 567 decuti
741 523 790 566 in
812 526 986 567 terram
1003 523 1140 567 anxie
1163 524 1376 580 patimur.
1409 524 1490 568 Ad
1512 538 1698 570 omnem

366 614 660 656 progressum
681 603 822 654 atque
844 603 1121 656 promotum,
1145 601 1207 644 ad
1229 615 1413 644 omnem
1443 601 1623 646 aditum
1647 605 1699 646 et

367 677 558 729 exitum,
583 676 645 719 ad
665 676 883 720 vestitum
915 680 965 720 et
998 677 1306 728 ealceatumffi,
1338 677 1400 720 ad
1421 677 1614 729 lavacra,
1636 677 1700 722 ad

366 767 561 803 mensas,
577 753 639 795 ad
654 753 827 796 lumina
835 752 878 804 ¹⁷,
903 753 966 796 ad
987 753 1170 805 cubilia,
1196 754 1258 796 ad
1280 754 1456 805 sedilia,
1478 768 1698 810 quacum-

368 844 458 884 que
491 844 576 872 nos
611 829 901 873 conversatio
936 834 1140 881 exercet,
1180 830 1384 874 frontem
1423 829 1699 888 signaculo¹⁸

366 906 572 949 terimus.

162 997 261 1028 CAP.
276 998 335 1030 Ν,
467 983 648 1026 Harum
690 986 740 1027 et
775 983 967 1026 aliarum
1004 984 1230 1040 ejusmodi
1273 983 1615 1040 disciplinarum
1659 984 1700 1029 si

148 1050 287 1111 fftiiffssssf'n
298 1054 338 1079 ω’
365 1060 518 1116 legem
543 1060 807 1116 expostules
834 1061 1184 1116 Scripturarum‚
1205 1060 1377 1104 nullam
1395 1061 1536 1117 leges.
1586 1061 1699 1105 Tra÷

147 1118 229 1141 usage
240 1119 302 1136 con-

147 1142 230 1172 firms,
242 1142 308 1166 saith

147 1171 275 1201 observes,
288 1172 344 1197 and

367 1138 484 1181 ditio
520 1137 607 1180 tibi
642 1137 960 1194 praetendetur
995 1138 1190 1189 auctriX,
1214 1138 1502 1182 consuetudo
1538 1131 1700 1182 confir-

147 1208 347 1268 Γὶῗῗὲῗοῧὲῗιῖω.
366 1214 550 1264 matrix,
575 1217 625 1257 et
646 1213 761 1257 fides
780 1214 1081 1258 observatrix.
1115 1214 1364 1260 Rationem
1385 1214 1627 1258 traditioni
1649 1218 1700 1260 et

146 1263 332 1353 ξὲἓζῇῗῗῗῗῡ
368 1290 692 1335 consuetudini
726 1294 776 1333 et
805 1290 914 1333 fidei
937 1290 1330 1346 patrocinaturam
1359 1294 1443 1334 aut
1468 1290 1567 1347 ipse
1597 1305 1699 1348 per-

367 1367 547 1425 spicies,
562 1370 645 1410 aut
662 1366 720 1409 ab
741 1366 895 1421 aliquo
921 1367 999 1421 qui
1021 1367 1312 1423 perspexerit
1335 1367 1496 1411 disces.
1549 1368 1698 1412 Inter-

366 1445 432 1487 im
453 1443 720 1487 nonnullam
741 1457 841 1487 esse
866 1443 1028 1487 credes
1059 1444 1134 1486 cui
1161 1443 1388 1487 debeatur
1411 1443 1696 1499 obsequium.

365 1563 426 1602 day
452 1563 489 1592 of
519 1562 629 1592 saints.
670 1562 704 1592 S.
727 1562 867 1601 August.
895 1562 999 1592 Serm.

365 1614 439 1649 298:
454 1612 493 1640 Iu
511 1611 610 1640 natali
629 1611 847 1649 apostolorum
862 1611 951 1640 Petri
965 1613 999 1640 et

364 1661 467 1691 Pauli.
501 1660 678 1690 Debuimus
691 1660 820 1699 quidam
840 1663 998 1690 tantorum

363 1713 537 1749 martyrum
555 1710 636 1739 diem
644 1732 651 1739 .
657 1731 663 1739 .
670 1732 677 1739 .
686 1709 803 1747 majore
811 1709 999 1749 frequentia

364 1760 529 1790 celebrare.
574 1759 612 1789 Si
633 1759 712 1789 enim
730 1759 919 1790 celebramus
923 1759 998 1799 fre-

364 1809 558 1848 quentissime
567 1809 719 1838 natalitia
729 1818 890 1847 aqnorum,
899 1819 999 1848 quan-

364 1862 396 1888 to
427 1859 530 1897 maqz's
562 1858 702 1888 debemus
742 1859 886 1889 arietum.
938 1859 998 1889 See

366 1908 514 1938 Oehler's
534 1911 621 1938 note.

424 1957 451 1976 ¹³
463 1958 530 1988 Die
542 1957 862 1995 dominicojejunium.
881 1957 995 1997 Comp.

362 2007 414 2038 De
436 2007 519 2038 Idol.
545 2017 571 2037 c.
598 2017 644 2045 14.
686 2008 746 2038 See
772 2007 890 2046 Bingh.
914 2016 995 2037 xm.

363 2060 393 2096 8,
410 2067 439 2095 3.
477 2058 537 2087 See
550 2057 663 2094 below,
677 2067 707 2087 c.
723 2067 770 2094 11,
782 2066 813 2087 n.
830 2067 859 2095 9.

422 2105 450 2124 ¹4
469 2107 622 2146 qeniculis
646 2106 794 2136 adorare.
836 2106 995 2145 Bingham

364 2156 400 2196 (1.
415 2156 460 2195 c.)
476 2160 588 2195 quotes
604 2157 726 2192 Quaest.
740 2160 773 2186 et
786 2157 941 2196 Respons.
955 2157 996 2187 ad

366 2206 547 2236 Orthodox.
561 2214 611 2244 95,
626 2206 733 2236 where
754 2206 780 2236 it
802 2206 829 2235 is
851 2207 929 2243 said,
953 2215 995 2236 on

363 2255 419 2285 the
432 2255 593 2294 authority
603 2255 639 2284 of
645 2255 796 2292 Irenaeus,
807 2256 878 2285 that
888 2255 995 2286 Chris-

362 2305 447 2334 tians
470 2304 589 2343 prayed
614 2304 766 2342 kneeling
792 2304 840 2333 six
864 2305 939 2343 days
961 2305 994 2333 in

363 2354 462 2383 token
485 2354 521 2383 of
541 2354 596 2383 the
616 2353 685 2390 fall,
700 2354 765 2382 and
784 2354 935 2393 standing
953 2364 994 2383 on

363 2404 419 2433 the
427 2403 538 2432 Lord’s
547 2403 606 2442 day
615 2404 678 2432 and
686 2403 718 2432 in
727 2403 782 2432 the
793 2403 995 2434 Pentecostic

363 2462 475 2483 season
489 2453 521 2482 in
535 2453 633 2482 token
647 2453 684 2482 of
694 2453 749 2482 the
758 2453 995 2492 Resurrection,

362 2503 426 2531 and
447 2502 518 2532 that
539 2503 603 2532 this
624 2505 747 2532 custom
767 2503 946 2542 originated
961 2505 995 2534 in

363 2552 518 2590 apostolic
532 2552 636 2582 times.

423 2599 451 2618 ¹⁶
470 2604 526 2630 aut
545 2601 645 2639 panis
670 2602 765 2632 etiam
796 2603 907 2640 nostri,
941 2604 996 2633 ‘or

364 2657 442 2679 even
455 2650 492 2680 of
505 2659 564 2680 oux·
581 2651 701 2690 bread:
712 2652 768 2682 the
784 2653 996 2684 sacramental

1063 1561 1173 1592 bread.
1206 1561 1320 1601 Rigalt
1342 1564 1456 1600 quotes
1476 1562 1619 1601 Aug-nst.
1642 1571 1696 1602 ap.

1066 1610 1212 1641 Gratian.
1233 1620 1258 1640 1.
1278 1621 1312 1641 1:
1344 1611 1474 1650 Quanta
1497 1611 1698 1643 solicitudine

1063 1661 1271 1698 observamus,
1304 1662 1430 1701 quando
1460 1662 1550 1692 nobis
1581 1671 1697 1701 eorpus

1066 1709 1188 1740 Christi
1201 1711 1409 1748 ministratur,
1423 1714 1458 1741 ut
1472 1711 1556 1742 nihil
1570 1721 1610 1742 ez·
1625 1711 1695 1752 ipso

1062 1758 1100 1789 de
1113 1759 1229 1789 nostris
1242 1759 1384 1789 manibus
1397 1760 1431 1789 in
1444 1762 1561 1789 terram
1571 1759 1668 1791 cadat
1679 1759 1696 1791 Ι

1061 1807 1110 1838 La
1131 1808 1236 1838 Cei-da
1253 1809 1380 1839 follows
1396 1803 1516 1839 Pam'el.
1539 1809 1573 1839 in
1593 1809 1694 1840 inter-

1062 1854 1193 1894 preting
1205 1855 1299 1885 etiam
1316 1856 1416 1885 noem·
1437 1865 1515 1886 even
1537 1855 1695 1896 ordinary,

1062 1913 1097 1933 as
1120 1905 1263 1943 opposed
1289 1907 1324 1935 to
1350 1905 1559 1935 saeramental
1584 1905 1696 1938 broad.

1062 1954 1148 1984 Note
1162 1955 1218 1985 the
1235 1965 1292 1985 use
1310 1955 1347 1985 of
1357 1956 1457 1994 panis
1476 1955 1528 1985 for
1548 1955 1604 1986 the
1623 1964 1696 1986 con-

1060 2004 1204 2035 secrated
1233 2005 1382 2036 element.
1434 2005 1548 2045 comp.
1581 2006 1694 2044 above,

1059 2063 1181 2092 panem.
1203 2054 1255 2084 De
1268 2055 1349 2085 ldol.
1365 2065 1391 2085 c.
1407 2064 1512 2094 1,n.5.
1543 2055 1625 2087 Also
1638 2056 1694 2087 Ad

1062 2104 1160 2133 Uxor.
1175 2112 1214 2134 11.
1228 2112 1264 2143 5:
1284 2104 1359 2135 Non
1377 2105 1453 2135 sciet
1464 2106 1597 2136 maritus
1615 2105 1696 2146 quid

1059 2157 1175 2183 secreto
1190 2156 1262 2183 ante
1273 2163 1389 2184 omnem
1403 2155 1504 2185 cibum
1516 2155 1645 2194 yantas!
1664 2158 1695 2187 et

1059 2203 1089 2232 si
1096 2203 1221 2233 sciverit
1228 2212 1350 2243 panem,
1357 2213 1418 2234 non
1427 2204 1516 2234 illum
1524 2205 1623 2236 credit
1629 2214 1694 2238 esse

1060 2252 1116 2291 qui
1129 2251 1270 2282 dicitur?

1120 2301 1148 2320 ¹⁶
1167 2302 1347 2333 calceatum.
1374 2303 1488 2343 Comp.
1500 2304 1692 2336 Plin.N.H.

1061 2359 1190 2382 xxvm.
1221 2359 1255 2390 7:
1284 2352 1373 2382 Inter
1395 2354 1533 2383 amuleta
1555 2357 1610 2392 est,
1640 2354 1691 2384 in·

1059 2411 1169 2440 spuere
1181 2401 1214 2431 in
1228 2402 1462 2433 calciamentum
1474 2403 1579 2434 dextri
1583 2404 1691 2444 pedis,

1060 2455 1226 2490 antequam
1238 2451 1400 2482 induatur.
1684 2456 1687 2458 ’

1121 2499 1148 2520 ¹⁷
1168 2501 1213 2530 ad
1226 2500 1354 2532 lumina.
1378 2502 1447 2532 The
1457 2502 1535 2532 time
1548 2502 1585 2532 of
1593 2502 1693 2542 light·

1059 2550 1118 2588 ing
1137 2550 1240 2589 lamps
1259 2560 1325 2580 was
1345 2551 1420 2581 held
1433 2552 1542 2581 sacred
1557 2552 1637 2582 both
1649 2554 1691 2593 by

1060 2600 1214 2630 heathens
1253 2601 1316 2630 aud
1345 2600 1532 2633 christiana.
1571 2601 1620 2632 La
1648 2602 1690 2634 C.

1061 2653 1174 2690 quotes
1195 2649 1300 2682 Varro
1322 2650 1373 2681 De
1393 2650 1431 2681 L.
1451 2651 1492 2684 L.
1520 2650 1614 2692 [vnl-
1634 2650 1687 2691 4]ss
