1812 2956
336 183 393 225 20
697 191 1105 228 TERTULLIANI
1136 191 1314 229 LIBER

1369 321 1463 365 Sed
1485 324 1534 365 et

451 412 600 447 Primus
624 411 890 448 Erichthonius
913 423 1041 447 cursus
1066 416 1105 448 et
1128 415 1288 458 quatuor
1311 422 1421 448 ausus

449 469 616 516 Jungere
640 479 767 516 equos,
790 468 1014 515 rapidusque
1038 469 1129 505 rotis
1153 469 1322 505 insistere
1345 469 1475 505 victor.

127 349 225 381 CAP.
242 351 307 383 IX·
342 319 590 376 quadrigas
614 319 711 370 soli,
735 320 867 376 bigas
889 319 1007 362 lunae
1034 323 1294 365 sanxerunt.

118 431 301 488 ,essm

336 552 678 605 Erichthonius,
701 553 921 597 Minervae
945 557 994 597 et
1017 553 1215 597 Vulcani
1245 553 1375 605 filius,
1399 557 1449 597 et
1482 553 1671 609 quidem

336 629 396 672 de
421 630 598 673 caduca
619 629 667 672 in
684 633 858 673 terram
880 630 1085 680 libidine,
1106 633 1374 686 portentum
1404 633 1476 674 est
1503 629 1671 674 daemo-

339 707 509 757 nicum,
532 707 674 750 immo
708 707 919 751 diabolus
952 707 1064 763 ipse,
1088 722 1181 750 non
1215 707 1415 751 coluber.
1486 707 1538 750 Si
1558 721 1670 751 vero

340 784 607 828 Trochilus²
628 784 830 841 Argivus
853 788 1017 828 auctor
1041 788 1113 828 est
1135 798 1307 835 currus,
1323 784 1479 840 primae
1496 783 1529 827 J
1529 783 1671 827 unoni

335 861 386 904 id
414 875 529 917 opus
554 875 687 905 suum
713 861 958 906 dedicavit.
1012 861 1061 905 Si
1084 862 1245 905 Romae
1273 860 1496 905 Romulus
1529 859 1672 915 quad-

336 938 486 994 rigam
508 938 682 994 primus
706 938 924 989 ostendit,
941 942 1056 995 puto
1081 941 1130 982 et
1151 938 1250 994 ipse
1273 937 1395 981 inter
1417 937 1542 980 idola
1564 950 1672 981 con-

338 1016 535 1072 scriptus
550 1019 635 1066 est,
658 1015 696 1059 si
716 1015 842 1058 idem
865 1018 937 1059 est
964 1014 1194 1066 Quirinus.
1265 1014 1455 1057 Talibus
1473 1013 1672 1057 auctori-

335 1093 422 1136 bus
447 1092 682 1149 quadrigae
700 1093 936 1149 productae
960 1092 1128 1136 merito
1163 1095 1213 1135 et
1234 1092 1417 1147 aurigas
1439 1090 1669 1135 coloribus

338 1167 612 1210 idololatriae
654 1167 922 1211 vestierunt.
998 1167 1214 1221 Namque
1249 1166 1382 1209 initio
1419 1166 1513 1209 duo
1561 1165 1671 1210 soli³

334 1244 540 1296 fuerunt,
567 1244 698 1288 albus
740 1249 790 1288 et
823 1258 1018 1288 russeus.
1087 1243 1236 1287 Albus
1269 1242 1411 1286 hiemi
1444 1243 1505 1286 ob
1542 1242 1669 1285 nives

339 1321 572 1372 candidas,
621 1335 806 1365 russeus
849 1320 1001 1364 aestati
1046 1320 1107 1363 ob
1151 1319 1259 1363 solis
1308 1318 1526 1362 ruborem
1565 1317 1664 1362 voti

336 1399 480 1439 erant.
565 1396 659 1439 Sed
703 1398 868 1451 postea
908 1399 1006 1438 tam
1051 1394 1290 1450 voluptate
1336 1407 1472 1451 quam
1513 1407 1669 1449 super-

339 1472 528 1516 stitione
566 1476 790 1529 provecta
834 1486 1043 1515 russeum
1079 1470 1157 1513 alii
1196 1469 1353 1520 Marti,
1393 1469 1472 1513 alii
1511 1469 1668 1514 album

338 1549 559 1605 Zephyris
616 1551 1013 1602 consecraverunt,
1058 1546 1292 1603 prasinum
1343 1560 1454 1590 vero
1506 1546 1662 1589 Terrae

334 1625 479 1669 Matri
501 1625 573 1669 vel
587 1639 742 1676 verno,
761 1627 978 1668 venetum
998 1623 1121 1667 Coelo
1139 1626 1188 1666 et
1204 1622 1325 1665 Mari
1338 1622 1411 1666 vel
1428 1625 1664 1667 autumno.

392 1741 407 1760 ²
432 1742 606 1774 Trochilus.
629 1742 709 1773 Cod.
725 1742 789 1782 Ag.
815 1741 964 1781 Prophy-

335 1793 395 1822 lus.
432 1792 560 1832 Gangn.
583 1793 647 1822 and
671 1793 742 1823 Gel.
760 1792 962 1831 Acrophilus.

1033 1741 1215 1780 professing
1240 1742 1275 1770 to
1308 1740 1421 1770 favour
1453 1748 1474 1769 a
1504 1741 1598 1778 party
1629 1740 1665 1768 to

1034 1790 1138 1820 which
1165 1791 1220 1820 the
1247 1798 1394 1828 emperor
1418 1797 1484 1820 was
1511 1788 1663 1827 opposed.

334 1842 436 1880 Pam„
466 1843 540 1881 Rig.
569 1843 633 1872 and
657 1843 752 1873 Oehl.
787 1842 965 1872 Trochilus.

336 1892 429 1922 Oehl.
445 1901 499 1931 say
513 1893 583 1922 that
597 1891 620 1922 J
624 1902 730 1922 erome
746 1892 890 1922 ascribed
910 1891 965 1921 the

332 1941 495 1971 invention
529 1943 565 1972 of
594 1943 650 1972 the
677 1942 799 1972 chat-iot
824 1941 905 1971 both
930 1943 965 1971 to

332 1992 558 2022 Erichthonius
571 1993 634 2022 and
647 1995 682 2022 to
701 1992 879 2022 Trochilus.

390 2040 405 2060 3
423 2041 569 2080 Namque
578 2042 678 2073 initio.
701 2042 781 2072 Cod.
792 2042 858 2080 Ag.
878 2040 965 2071 Nam

332 2092 415 2130 oequi
433 2091 534 2121 initio.
571 2091 647 2130 Rig.
667 2091 754 2121 Nam
774 2091 845 2130 equi
861 2091 964 2121 initio.

333 2141 462 2178 Gangn.
481 2140 567 2170 Nam
588 2140 679 2170 initio
699 2140 781 2179 equi.
808 2140 880 2170 Gel.
901 2140 964 2170 and

331 2191 420 2220 Pam.
448 2190 496 2220 Et
516 2191 556 2220 ab
577 2191 668 2220 initio
692 2190 753 2220 duo
773 2190 846 2220 soli.
894 2190 964 2220 The

331 2242 464 2280 reading
489 2241 523 2270 in
552 2241 607 2270 the
635 2243 706 2270 text
736 2241 763 2269 is
791 2249 811 2269 a
838 2239 963 2278 conjec-

330 2293 403 2320 ture
427 2291 463 2320 of
481 2290 661 2320 Salmasius.
703 2289 793 2329 Equi
813 2289 839 2318 is
857 2289 963 2318 better

330 2340 483 2377 omitted3
502 2339 564 2369 duo
578 2339 638 2369 soli
651 2348 695 2369 sc.
708 2339 837 2368 colores.
859 2338 963 2368 These

330 2389 456 2418 colours
489 2398 573 2418 were
606 2388 746 2427 adopted
774 2388 815 2427 by
843 2387 962 2426 parties

330 2438 410 2467 with
431 2438 486 2467 the
507 2441 627 2468 utmost
643 2438 842 2474 vehemence‚
853 2436 961 2476 factio

325 2487 473 2525 prasina,
488 2487 597 2526 factio
622 2496 755 2523 πωπω·
782 2486 845 2516 and
872 2486 962 2516 there

330 2545 415 2566 were
435 2537 468 2566 in
502 2537 557 2566 the
586 2536 698 2567 Circus
720 2536 839 2566 certain
861 2535 959 2565 heads

330 2586 366 2614 of
377 2586 432 2615 the
445 2589 547 2624 party,
561 2586 679 2615 domini
687 2585 857 2625 factionis.
899 2585 958 2614 See

331 2634 462 2663 Sueten.
485 2635 559 2664 Ner.
592 2645 620 2665 c.
646 2643 675 2673 5.
726 2634 865 2671 Μαι-εἰῶ,
897 2634 958 2673 Ep.

331 2690 362 2714 x.
378 2685 428 2722 48,
444 2694 492 2723 23,
511 2685 636 2715 alludes
656 2687 690 2715 to
712 2685 766 2715 the
785 2684 906 2724 danger
926 2683 963 2714 of

1033 1840 1086 1869 De
1097 1839 1229 1878 prasino
1250 1839 1380 1869 conviva
1398 1847 1490 1875 meus,
1504 1840 1666 1877 venetoque

1032 1889 1190 1928 loquatur,
1203 1888 1410 1926 Necfaciant
1422 1896 1595 1926 quenquam
1602 1895 1665 1925 po-

1031 1939 1104 1968 cula
1117 1941 1226 1968 nostra
1239 1947 1334 1967 ream.
1376 1937 1490 1975 Comp.
1506 1936 1588 1966 Plin.
1600 1934 1665 1975 Ep.

1033 1996 1084 2017 ix.
1098 1991 1116 2018 6
1131 1997 1138 2017 ε
1170 1987 1207 2017 Si
1221 1990 1322 2017 tamen
1334 1989 1390 2016 aut
1397 1986 1558 2016 velocitate
1570 1994 1664 2025 equo-

1030 2046 1099 2067 rum
1119 2040 1176 2067 aut
1195 2037 1349 2067 hominum
1368 2038 1438 2066 arte
1457 2035 1667 2072 traherentur,

1030 2090 1107 2117 esset
1132 2087 1218 2117 ratio
1244 2086 1394 2116 nonnulla
1403 2095 1419 2122 ;
1451 2094 1532 2115 nunc
1550 2085 1666 2125 favent

1024 2147 1144 2176 panno,
1161 2146 1303 2176 pannum
1324 2138 1440 2172 amant,
1463 2135 1521 2165 etsi
1541 2135 1575 2164 in
1594 2135 1663 2173 ipro

1028 2197 1122 2218 cursu
1139 2187 1298 2226 medioque
1316 2185 1482 2216 certamine
1504 2185 1556 2214 hic
1577 2185 1664 2215 color

1029 2237 1117 2275 illuc,
1131 2236 1185 2266 ille
1205 2236 1265 2265 huc
1284 2235 1507 2274 transferatur,
1526 2233 1663 2264 studium

1019 2287 1181 2326 favorque
1194 2284 1350 2321 transibit,
1368 2287 1397 2314 et
1415 2287 1537 2323 repente
1556 2284 1663 2323 aqita-

1029 2339 1110 2366 tores
1121 2335 1203 2371 illos,
1209 2343 1287 2373 quos
1289 2333 1405 2372 procul
1415 2333 1578 2370 noscitant,
1587 2343 1662 2372 quo-

1028 2394 1098 2414 rum
1111 2383 1273 2414 clamitant
1291 2382 1428 2417 nomina,
1445 2381 1634 2420 relinquunt.

1102 2433 1164 2463 Cn.
1188 2432 1232 2462 X.
1274 2431 1283 2449 ¹
1305 2431 1488 2469 infelicitate
1506 2430 1609 2460 thuris
1632 2433 1662 2461 et

1027 2483 1201 2523 sanquinis,
1214 2482 1286 2512 ‘the
1298 2482 1449 2520 unhappy
1459 2489 1551 2510 scene
1565 2480 1601 2509 of
1610 2479 1661 2509 in-

1029 2542 1121 2564 cense
1142 2533 1205 2562 and
1228 2530 1351 2567 blood;'
1372 2530 1518 2568 alluding
1537 2532 1572 2559 to
1605 2529 1662 2559 the

1024 2581 1178 2612 sacrifices
1192 2581 1311 2610 offered
1324 2580 1357 2609 in
1371 2580 1426 2609 the
1442 2579 1563 2609 Circus.

1083 2631 1097 2650 2
1116 2630 1322 2669 desiqnatore.
1375 2628 1571 2667 Desiqnator
1594 2635 1662 2658 was

1026 2680 1193 2721 originally
1202 2680 1256 2710 the
1271 2678 1408 2709 marshal
1417 2681 1451 2709 to
1461 2687 1522 2718 any
1531 2685 1660 2718 proces·
