1812 2956
169 323 269 354 CAP.
286 323 353 354 XI.

387 177 470 227 144
754 184 1160 223 TERTULLIANI
1196 183 1376 223 LIBER

388 329 525 369 quam
573 315 770 365 Christo,
807 317 890 358 aut
926 317 976 358 et
1014 314 1247 359 dominico
1285 315 1374 367 die,
1412 315 1596 372 quando
1632 329 1722 361 nec

390 390 607 435 Christo?
676 392 741 434 Et
769 391 1019 435 excubabit
1042 406 1126 447 pro
1149 391 1345 448 templis,
1369 392 1532 447 quibus
1554 384 1722 437 renun-

164 482 179 507 1
195 467 520 511 cor.w·11.1o.tiavit
534 468 558 510 P
625 469 690 511 Et
718 468 915 512 coenabit
940 467 1044 519 illic,
1073 468 1153 511 ubi
1179 468 1389 525 apostolo
1412 483 1505 513 non
1523 469 1681 526 placet
1696 469 1721 512 P

169 637 189 662 J
190 637 232 663 oh.
246 637 297 662 xix.
312 637 350 663 34.

169 941 183 965 1
196 940 285 967 Thess.
298 941 331 967 iv.

170 971 209 996 16.

388 545 452 588 Et
476 560 591 600 quos
613 545 816 588 interdiu
840 544 1108 589 exorcismis
1117 547 1149 573 ¹⁰
1179 545 1370 602 fugavit,
1401 546 1615 590 noctibus
1642 546 1721 591 de-

387 621 600 672 fensabit,
635 621 906 665 incumbens
938 636 1076 678 super
1109 621 1302 678 pilum¹¹‚
1336 637 1428 678 quo
1464 623 1722 680 perfossum

386 698 507 742 latus
531 702 603 742 est
628 698 799 743 Christi
813 699 836 741 P
893 698 1128 743 Vexillum
1152 714 1334 756 quoque
1357 699 1563 755 portabit
1583 713 1721 742 aemu-

386 775 482 818 lum
518 776 724 820 Christi?
792 776 857 818 Et
893 775 1117 832 signum¹²
1152 775 1405 831 postulabit
1437 791 1465 818 a
1499 775 1719 833 principe,

388 853 466 908 qui
499 854 599 910 jam
635 868 664 896 a
698 853 805 896 Deo
842 852 1060 909 accepit?
1128 852 1343 896 Mortuus
1386 852 1528 896 etiam
1568 852 1721 896 tuba¹³

387 930 720 986 inquietabitur
744 930 1038 981 aeneatoris¹4‚
1065 930 1143 985 qui
1167 930 1361 973 excitari
1381 944 1410 973 a
1431 930 1546 973 tuba
1567 929 1721 986 angeli

389 1009 607 1063 expectat
620 1007 644 1049 P
712 1007 777 1050 Et
813 1006 1092 1050 cremabitur
1127 1020 1188 1050 ex
1225 1006 1464 1062 disciplina
1499 1005 1721 1050 castrensi

390 1083 687 1134 Christianus,
720 1083 794 1126 cui
829 1097 1034 1126 cremare
1043 1084 1074 1110 ¹⁵
1102 1097 1194 1126 non
1229 1082 1372 1133 licuit,
1409 1082 1484 1126 cui
1512 1082 1720 1126 Christus

387 1160 555 1203 merita
599 1160 718 1216 ignis
757 1159 961 1203 indulsit.
1032 1160 1218 1211 Quanta
1262 1159 1351 1202 alia
1395 1159 1504 1203 inde
1549 1159 1721 1204 delicta

389 1236 678 1292 circumspici
701 1239 894 1292 possunt
917 1235 1219 1280 castrensium
1240 1235 1447 1279 munium
1468 1238 1722 1292 transgres-

388 1313 506 1356 sioni
560 1311 934 1369 interpretanda!
996 1312 1155 1368 Ipsum
1201 1311 1260 1355 de
1306 1312 1467 1356 castris
1511 1311 1626 1356 lucis
1671 1310 1721 1355 in

388 1395 539 1434 castra
578 1390 876 1433 tenebrarum
913 1403 1084 1432 nomen
1119 1389 1302 1433 deferre
1347 1388 1721 1445 transgressionis

387 1470 470 1511 est.
540 1466 697 1517 Plane,
740 1466 779 1510 si
816 1480 930 1522 quos
966 1465 1131 1509 militia
1169 1469 1427 1522 praeventos
1465 1465 1579 1509 fides
1619 1479 1721 1522 pos-

385 1599 454 1626 nas,
469 1589 623 1628 quasdam
642 1598 714 1620 vero
733 1592 763 1620 et
780 1589 814 1619 in
828 1597 930 1619 serum
950 1597 1022 1618 con-

385 1639 520 1675 stitutus,
545 1639 693 1668 novitatis
717 1638 837 1668 nomine
865 1638 1019 1675 inmas-ant,

386 1689 444 1719 hoc
458 1697 576 1727 quoque
589 1698 698 1718 munus
712 1692 740 1718 et
753 1698 791 1718 ex
809 1689 943 1718 arbitrio
956 1697 1022 1718 esse

386 1739 527 1776 dieentes,
551 1742 581 1769 et
602 1748 664 1768 non
689 1739 777 1768 ultra
801 1747 915 1768 nonam
941 1738 1020 1768 deti-

385 1789 527 1827 nendum,
551 1789 589 1818 de
612 1799 667 1818 suo
688 1789 806 1819 scilicet
828 1798 921 1819 more.
961 1790 1020 1819 See

387 1838 484 1869 Oehl.
501 1848 542 1868 on
556 1839 607 1868 De
621 1839 729 1878 Jejun.
741 1848 769 1869 e.
784 1849 832 1876 19,
847 1848 881 1868 n.
894 1848 925 1869 a.
965 1837 1021 1868 On

386 1888 442 1918 the
454 1888 681 1918 unlawfulness
702 1888 738 1917 of
756 1887 925 1927 observing
941 1887 1021 1917 fasts

387 1946 428 1968 on
441 1939 496 1968 the
517 1937 630 1968 Lord's
653 1938 722 1977 day,
737 1947 789 1968 see
809 1938 921 1975 above,
942 1946 969 1967 c.
991 1948 1021 1976 3,

386 1999 420 2020 n.
436 1999 483 2028 13.

445 2038 472 2058 ¹⁰
492 2037 682 2069 eoeorcismis.
726 2038 785 2068 See
799 2038 850 2068 De
867 2039 974 2078 Speet.
992 2048 1020 2070 c.

385 2093 432 2128 26,
446 2100 479 2120 n.
495 2100 523 2122 2.

447 2141 471 2159 ¹¹
487 2141 600 2180 pilum.
621 2141 663 2170 So
680 2140 758 2171 Cod.
772 2140 847 2179 Ag.‚
866 2140 942 2179 Rig.
958 2138 1021 2169 and

389 2190 484 2222 Oehl.
527 2191 656 2229 Vienn.‚
673 2190 775 2227 Leid„
795 2190 894 2226 Flor.,
913 2189 1020 2220 Rhen-

388 2239 517 2271 lumbos.
528 2240 646 2271 Vienn.
658 2249 742 2270 man.
752 2249 814 2269 sec.
826 2240 937 2269 lancea
946 2248 1021 2278 qua.

387 2290 526 2329 Ganga,
539 2290 612 2320 Gel.
623 2290 686 2319 and
697 2290 787 2319 Pam.
798 2289 920 2319 luncho.
942 2289 964 2318 J
966 2298 1020 2318 un.

383 2339 490 2369 Zonche
504 2349 577 2378 qua.
619 2339 722 2368 These
742 2339 805 2368 last
820 2347 905 2367 seem
925 2341 960 2368 to
980 2339 1021 2368 be

385 2389 520 2427 conjeet.
565 2389 661 2418 Oehl.
688 2391 839 2418 accounts
875 2388 926 2417 for
964 2388 1019 2417 the

383 2438 526 2476 reading,
539 2438 656 2468 lumbos
664 2437 727 2466 and
738 2437 859 2474 luncho,
866 2438 908 2476 by
916 2437 971 2467 the
980 2437 1020 2475 pi

385 2488 423 2517 of
434 2488 537 2526 pilum
560 2487 678 2526 having
701 2488 781 2516 been
808 2487 963 2516 absorbed
985 2487 1018 2516 in

386 2538 441 2566 the
449 2547 511 2576 per
524 2538 560 2567 of
575 2546 678 2576 super,
692 2538 755 2566 and
767 2537 822 2566 the
839 2537 893 2566 bos
912 2546 948 2566 or
961 2536 1018 2566 cho

386 2587 482 2616 taken
496 2587 579 2616 from
598 2587 653 2616 the
674 2587 842 2625 following
866 2595 937 2625 quo.
979 2586 1018 2615 In

387 2635 465 2666 Joh.
481 2637 544 2667 xiX.
560 2646 607 2674 34,
622 2635 746 2675 λόγχῃ.

449 2685 474 2704 ¹²
516 2686 646 2725 siynum,
690 2686 761 2716 ‘the
804 2681 1021 2716 watchword.’

1088 1588 1192 1618 There
1224 1588 1263 1624 is,
1301 1588 1460 1624 however,
1493 1586 1648 1626 probably
1679 1595 1721 1616 nn

1086 1638 1221 1667 allusion
1247 1640 1283 1667 to
1309 1637 1365 1667 the
1390 1637 1460 1677 siqu
1486 1637 1523 1667 of
1546 1637 1602 1666 the
1622 1645 1722 1666 orons.

1088 1686 1148 1717 See
1164 1687 1215 1716 De
1231 1687 1336 1725 Spect.
1353 1696 1383 1716 c.
1400 1695 1447 1724 24,
1460 1695 1493 1717 n.
1510 1695 1536 1716 1.

1147 1736 1172 1756 ¹³
1194 1738 1263 1767 The
1276 1739 1418 1776 trumpet
1431 1746 1496 1767 was
1513 1736 1592 1766 used
1609 1735 1643 1766 in
1661 1736 1721 1766 mi-

1085 1786 1179 1827 litary
1210 1787 1362 1817 funerals.
1401 1786 1451 1817 La
1478 1786 1583 1817 Cei-da
1608 1788 1722 1825 quotes

1086 1837 1180 1876 Virg.
1187 1837 1264 1867 AEn.
1279 1845 1330 1866 11.
1342 1846 1398 1875 192
1407 1847 1414 1867 :
1423 1835 1535 1867 Itc'oelo
1544 1836 1722 1875 clamorque

1085 1888 1198 1924 virum,
1213 1887 1401 1926 clanqorque
1418 1886 1572 1917 tubarum.
1612 1885 1723 1917 Valer-

1086 1937 1191 1967 Flacc.
1219 1937 1343 1974 Argon.
1372 1944 1426 1966 111.
1454 1943 1532 1975 347:
1559 1934 1648 1972 Inde,
1674 1938 1723 1965 ter

1087 1989 1228 2016 armatos
1247 1986 1370 2025 Minyis
1395 1985 1600 2025 referentibus
1622 1985 1722 2023 orbes,

1091 2035 1241 2066 Concussi
1254 2039 1403 2066 tremuere
1411 2035 1492 2074 roqi,
1501 2038 1550 2065 ter
1561 2034 1722 2066 inhorruit

1087 2086 1193 2122 (ether,
1207 2085 1395 2124 Luchfiwm
1408 2084 1568 2124 clanqente
1581 2085 1667 2115 tuba.

1148 2135 1174 2153 ¹⁴
1194 2135 1369 2166 aeneatoris.
1409 2134 1456 2164 La
1478 2134 1583 2164 Corda
1607 2137 1722 2173 quotes

1086 2185 1249 2215 Ammian.
1273 2185 1346 2215 Lib.
1369 2187 1425 2215 16:
1445 2183 1536 2214 Dato
1557 2183 1658 2223 iqitur
1679 2184 1721 2214 ab

1086 2239 1273 2265 aeneatorum
1287 2238 1410 2265 occentu
1428 2234 1615 2264 sollemniter
1631 2233 1720 2273 eiquo

1086 2285 1131 2314 ad
1137 2284 1352 2323 puqnandum.
1395 2283 1489 2314 Oehl.
1502 2283 1602 2313 refers
1617 2285 1652 2313 to
1670 2283 1720 2313 in-

1085 2334 1253 2373 scriptions
1299 2333 1499 2372 mentioning
1548 2332 1721 2373 Colleqium

1084 2387 1284 2414 aeneatorum.

1146 2434 1172 2453 ¹⁵
1191 2444 1339 2473 cremare,
1364 2443 1407 2464 sc.
1421 2433 1516 2464 thura
1533 2431 1636 2464 idolis.
1666 2433 1719 2464 On

1086 2484 1245 2515 Christian
1265 2484 1378 2521 bin-iul,
1391 2493 1443 2514 see
1458 2484 1510 2514 De
1531 2483 1613 2513 Idol.
1628 2492 1658 2514 c.
1674 2492 1721 2512 11·

1083 2544 1116 2566 n.
1130 2546 1159 2573 9.

1144 2583 1171 2602 ¹⁶
1190 2593 1228 2613 ex
1254 2583 1380 2616 militia.
1428 2583 1508 2614 Cod.
1536 2583 1601 2622 Ag.
1628 2585 1720 2612 extra

1087 2634 1242 2664 militiam.
1284 2634 1362 2673 Rig.
1388 2634 1511 2673 prefers
1532 2643 1571 2663 ex
1592 2632 1720 2673 militia,

1087 2683 1300 2723 interpreting
1309 2684 1364 2714 the
1385 2683 1532 2714 sentence
1545 2683 1630 2720 thus,
1645 2683 1656 2699 ‘
1663 2677 1721 2712 aut
