1812 2956
123 343 225 374 CAP.
241 344 308 375 111.

107 424 191 450 Exod.
201 431 244 450 xx.
257 424 295 455 14,

108 461 162 487 sqq,

109 806 151 832 Ps.
165 807 179 831 i.
193 807 216 831 1.

108 1037 176 1062 Luc.
189 1036 258 1061 xxiii.
272 1036 311 1062 50.

1661 0 1686 16 Υ
1691 0 1743 25 ’Ψζξζῑ

327 199 354 238 8
684 202 1084 240 TERTULLIANI
1114 203 1288 240 LIBER

327 332 467 375 modi.
533 333 678 375 Plane
715 347 940 387 nusquam
970 332 1238 383 invenimus,
1270 332 1660 388 quemadmodum

330 412 491 464 aperte
537 409 740 465 positum
786 413 884 452 est:
939 409 1050 452 Non
1090 409 1288 460 occides,
1331 410 1441 452 Non
1482 409 1660 454 idolum

331 485 468 535 coles,
499 485 610 528 Non
644 486 936 536 adulterium,
969 501 1062 529 non
1090 486 1302 530 fraudem
1330 476 1562 537 admittes,
1594 485 1663 530 ita

333 565 519 606 exserte
559 562 825 606 definitum:
887 563 998 607 Non
1034 563 1082 606 in
1125 563 1309 607 Circum
1351 564 1452 615 ibis,
1483 578 1577 607 non
1611 562 1662 608 iu

332 640 587 690 theatrum3
617 654 828 695 agonem,
846 654 1011 684 munus
1031 655 1125 683 non
1143 640 1385 697 spectabis.
1429 639 1524 683 Sed
1539 639 1664 683 inve-

332 716 483 759 nimus
528 717 589 759 ad
628 716 746 760 hanc
793 731 975 772 quoque
1015 717 1216 774 speciem
1261 716 1495 773 pertinere
1539 715 1664 760 illam

333 793 529 849 primam
568 808 731 837 vocem
765 794 931 847 David,
968 795 1101 839 Felix
1137 795 1219 845 vir,
1254 794 1417 850 inquit,
1453 793 1533 849 qui
1569 807 1664 839 non

331 870 448 912 abiit
474 870 522 912 in
552 870 797 914 concilium
826 871 1071 927 impiorum
1103 875 1152 915 et
1186 871 1234 914 in
1269 871 1343 915 via
1365 874 1664 927 peccatorum

332 962 426 990 non
449 948 582 991 stetit
604 952 653 990 et
675 948 724 990 in
748 948 970 992 cathedra
993 949 1217 1004 pestium‘¹
1239 963 1332 992 non
1353 948 1487 992 sedit.
1539 947 1663 991 Nam

332 1024 421 1067 etsi
433 1025 613 1080 justum
636 1024 787 1068 illum⁵
810 1025 994 1068 videtur
1016 1025 1305 1082 praedicasse,
1331 1024 1456 1080 quod
1478 1025 1527 1067 in
1556 1038 1665 1068 con-

332 1101 438 1145 cilio
468 1105 519 1144 et
549 1116 766 1145 consessu
796 1102 1066 1145 Judaeorum
1096 1103 1155 1146 de
1187 1102 1426 1158 negando⁶
1458 1101 1663 1145 Domino

332 1177 692 1221 consultantium
726 1193 819 1221 non
860 1179 1226 1231 communicavit,
1250 1179 1344 1222 late
1367 1182 1524 1222 tamen
1548 1193 1665 1222 sem-

329 1269 413 1310 per
433 1255 670 1311 Scriptura
688 1255 841 1298 divina
859 1255 1090 1307 dividitur,
1110 1256 1388 1311 ubicumque
1411 1255 1665 1299 secundum

331 1333 572 1389 praesentis
596 1333 664 1376 rei
688 1347 873 1376 sensum
897 1333 1038 1377 etiam
1062 1334 1302 1390 disciplina
1334 1331 1576 1383 munitur⁷,
1609 1335 1666 1376 ut

333 1409 408 1453 hic
433 1425 617 1465 quoque
641 1425 734 1453 non
758 1410 818 1453 sit
850 1410 999 1454 aliena
1020 1425 1111 1454 vox
1139 1426 1167 1454 a
1191 1410 1504 1467 spectaculum
1524 1409 1666 1454 inter-

391 1525 407 1544 4
430 1526 464 1556 in
494 1526 645 1556 cathedra
675 1527 817 1566 pestium.
862 1527 964 1558 Clem.

332 1577 427 1607 Alex.
447 1577 533 1606 Paed.
555 1577 623 1607 Lib.
639 1586 692 1607 111.
707 1578 826 1616 quoted
839 1578 880 1616 by
901 1578 964 1607 Le-

332 1626 457 1666 prieur:
478 1627 514 1655 οὒ
529 1626 563 1655 δὲ
577 1626 763 1656 ἀπεικότως
778 1627 822 1656 τά
843 1627 964 1656 στάδια

331 1676 386 1706 καὶ
412 1675 459 1705 ‘ra‘
484 1675 608 1715 θέατρα
636 1676 794 1715 καθέδραν
826 1677 964 1715 λοιμιῶν

330 1725 512 1764 προσείποι
526 1737 579 1755 τις·
591 1725 640 1756 ἄν.

388 1773 402 1792 ⁵
413 1774 534 1811 justum
549 1775 650 1807 illum.
689 1775 813 1815 Joseph
833 1776 869 1806 of
885 1775 965 1806 Ari-

329 1824 466 1854 mathea.
486 1824 598 1863 Rigalt
612 1828 725 1863 quotes
739 1826 821 1855 from
838 1826 962 1855 Comm.

329 1874 362 1902 in
389 1874 494 1903 PsaL:
526 1874 741 1905 Tertullianus
766 1876 800 1905 in
826 1875 907 1906 libro
929 1875 966 1905 de

330 1922 523 1962 Spectaculis
550 1925 663 1954 asserit
689 1925 770 1955 hune
802 1925 967 1954 Psalmum

327 1975 356 2002 et
369 1972 406 2002 de
417 1972 556 2012 Josepho
568 1983 659 2012 posse
671 1974 814 2014 intelligi,
827 1975 882 2014 qui
896 1984 968 2004 cor-

322 2031 386 2060 pus
400 2022 533 2052 Domini
545 2023 693 2062 sepelivit,
704 2027 733 2053 et
747 2024 784 2054 de
797 2025 847 2054 his
857 2025 913 2063 qui
923 2024 969 2054 ad

328 2072 507 2109 spectacula
524 2072 668 2103 Gentium
681 2083 741 2102 non
756 2074 946 2104 conveniunt.

388 2118 402 2136 ⁶
422 2119 573 2158 neyando.
614 2121 692 2159 Rig.
703 2121 899 2159 conjectures
912 2130 965 2150 ne-

329 2170 442 2201 cando.
486 2171 555 2201 The
583 2171 676 2201 MSS.
713 2172 792 2201 have
824 2171 965 2210 neyando

328 2220 391 2249 and
405 2220 594 2260 deneqando.
636 2221 705 2250 The
718 2220 847 2250 murder
860 2220 896 2249 of
907 2229 966 2249 our

329 2269 415 2298 Lord
430 2279 495 2299 was
509 2270 563 2300 the
577 2270 653 2299 final
667 2269 773 2299 denial
788 2270 824 2298 of
835 2269 923 2299 Him.

387 2320 401 2340 ⁷
422 2320 485 2350 late
498 2323 598 2350 tamen
611 2328 767 2358 semper...
782 2318 962 2357 ‘scripture

327 2369 384 2398 has
411 2369 559 2399 however
587 2369 705 2407 always
732 2378 772 2398 an
805 2367 963 2398 extended

327 2418 532 2457 application,
546 2419 709 2448 wherever
723 2418 756 2447 in
771 2418 966 2447 accordance.

328 2468 407 2497 with
435 2468 489 2498 the
514 2468 663 2507 meaning
685 2467 861 2506 belonging
887 2469 921 2496 to
944 2475 963 2495 a

328 2517 501 2555 particular
534 2518 679 2548 occasion
712 2518 768 2547 the
801 2516 963 2547 Christian

328 2566 397 2595 rule
411 2566 437 2595 is
451 2569 485 2596 at
499 2567 554 2596 the
573 2576 658 2596 same
673 2567 750 2597 time
766 2564 965 2605 supported)

328 2617 502 2653 seeundum,
529 2617 713 2656 ‘following
733 2618 830 2655 along
856 2615 934 2645 with
945 2614 965 2653 ς’

329 2666 362 2695 in
386 2666 528 2706 Apolog.
554 2676 582 2698 c.
605 2669 652 2704 46,
670 2669 765 2698 ‘next
787 2666 888 2703 after:
912 2675 960 2695 se-

1032 1528 1164 1558 cundum
1197 1528 1285 1558 Deos
1317 1528 1473 1559 doemonas
1508 1527 1665 1566 deputent.

1033 1577 1147 1616 Comp.
1163 1577 1249 1608 Adv.
1266 1577 1394 1608 Valent.
1410 1587 1437 1608 c.
1458 1588 1485 1615 1,
1498 1587 1536 1608 ει·
1549 1577 1666 1607 divim

1030 1627 1130 1665 copiae
1137 1627 1316 1664 occasune,-
1327 1627 1378 1657 De
1387 1628 1517 1657 Praescr.
1528 1636 1555 1657 c.
1566 1637 1614 1665 39,
1619 1626 1666 1657 Et

1030 1673 1136 1712 utique
1155 1674 1338 1712 foecundior
1363 1674 1473 1703 divina
1496 1674 1666 1703 literatura

1031 1720 1076 1750 ad
1074 1720 1265 1759 facultatem
1274 1721 1488 1759 cujuscumque
1501 1719 1651 1750 materioe.

1090 1769 1104 1787 ⁸
1124 1773 1152 1800 et
1166 1770 1199 1799 in
1212 1771 1267 1800 via
1278 1774 1393 1802 statur.
1423 1770 1492 1800 The
1507 1769 1664 1808 populace

1033 1820 1125 1850 stood
1149 1820 1181 1849 in
1202 1820 1256 1850 the
1275 1829 1448 1859 gangways
1471 1819 1534 1849 and
1555 1818 1589 1848 in
1609 1818 1664 1848 the

1033 1878 1184 1908 passages
1193 1869 1229 1898 of
1240 1869 1294 1898 the
1308 1868 1552 1907 amphitheatre.
1573 1866 1664 1906 Lips-

1034 1920 1073 1949 de
1089 1919 1256 1958 Amphith.
1273 1928 1305 1957 p.
1316 1927 1357 1957 54
1368 1918 1474 1956 (Lug.
1484 1917 1559 1948 Bat.
1571 1916 1666 1956 1584)

1034 1971 1147 2007 quotes
1160 1977 1200 1998 an
1215 1968 1362 2006 amusing
1369 1967 1512 2006 epigram
1522 1966 1555 1996 in
1561 1965 1664 1997 which

1034 2018 1163 2049 Martial
1172 2018 1244 2048 tells
1253 2026 1290 2047 us
1299 2018 1335 2047 of
1342 2026 1402 2047 one
1409 2015 1586 2052 Manneius,
1591 2015 1664 2046 who

1034 2069 1140 2099 thrust
1159 2067 1288 2097 himself
1302 2067 1370 2097 into
1388 2067 1443 2096 the
1459 2068 1543 2096 senta
1555 2065 1593 2095 of
1609 2065 1665 2095 the

1033 2119 1174 2158 knights,
1187 2118 1249 2147 and
1257 2117 1354 2156 being
1366 2117 1512 2146 detected
1526 2115 1603 2145 took
1616 2115 1665 2145 his

1032 2168 1171 2207 position
1180 2167 1210 2196 in
1226 2167 1281 2196 the
1294 2175 1460 2205 gangway,
1469 2165 1539 2194 half
1551 2164 1664 2203 sitting

1032 2218 1095 2247 and
1106 2217 1176 2247 half
1181 2216 1340 2253 standing.
1362 2215 1458 2244 Mart.
1473 2214 1664 2253 Epig.v.142

1031 2267 1078 2297 Et
1091 2266 1163 2296 hine
1175 2266 1268 2295 miser
1278 2264 1410 2302 dejectus
1417 2263 1450 2293 in
1462 2263 1546 2293 viam
1558 2265 1662 2292 trans-

1028 2317 1063 2353 it,
1086 2315 1298 2353 Subsellioque
1323 2313 1498 2352 semifultus
1517 2315 1663 2349 extremo,

1030 2367 1076 2397 Et
1087 2366 1168 2396 male
1186 2368 1323 2403 receptus
1341 2365 1441 2394 altero
1459 2372 1547 2402 qenu,
1557 2363 1666 2400 jactat

1029 2416 1143 2456 Equiti
1156 2415 1271 2452 sedere,
1285 2414 1452 2452 Lectioque
1465 2422 1498 2442 se
1509 2416 1606 2443 stare.

1091 2464 1105 2483 ⁹
1123 2464 1268 2494 cardines
1281 2463 1460 2493 balteorum.
1496 2461 1566 2491 The
1579 2463 1663 2491 scats

1031 2515 1067 2545 of
1087 2515 1142 2544 the
1168 2514 1293 2543 Roman
1321 2512 1553 2551 amphitheatre
1579 2521 1663 2544 were

1030 2565 1063 2594 in
1091 2567 1216 2602 stages:
1246 2573 1259 2592 1
1288 2562 1431 2602 podium,
1465 2571 1485 2591 a
1512 2562 1664 2601 platform

1031 2616 1081 2645 for
1107 2615 1162 2645 the
1189 2617 1348 2650 senators;
1376 2623 1393 2644 2
1419 2612 1586 2651 equestria,
1612 2612 1665 2642 for

1031 2664 1087 2694 the
1107 2663 1258 2705 knights;
1289 2672 1306 2702 3
1328 2661 1515 2702 popularia,
1537 2661 1588 2692 for
1606 2661 1662 2692 the
