1812 2956
365 190 448 231 100

725 190 1130 228 TERTULLIANI
1159 191 1335 227 LIBER

150 339 332 372 c.xv111.
363 329 509 382 gestu,
558 337 695 378 quam
739 321 978 378 dignitatis
1021 321 1197 375 quamn
1240 319 1498 376 potestatis,
1573 318 1695 370 Quis

363 402 486 445 enim
527 399 675 455 magis
716 398 787 441 his
842 411 950 440 usus
999 397 1176 445 fuisset,
1224 410 1360 451 quam
1404 395 1498 440 Dei
1541 393 1695 440 filius?

366 477 536 530 Quales
574 479 624 519 et
658 474 819 530 quanti
853 488 960 517 eum
992 473 1141 516 fasces
1176 469 1514 528 producerentl
1550 469 1696 526 qualis

363 568 565 611 purpura
605 552 664 595 de
702 551 904 594 humeris
942 550 1039 606 ejus
1084 548 1298 593 floreret!
1353 547 1487 604 quale
1531 561 1695 591 aurum

365 631 424 674 de
457 629 609 686 eapite
639 627 855 678 radiaret,
884 626 972 670 nisi
1005 625 1201 682 gloriam
1235 624 1389 668 saeeuli
1419 623 1616 667 alienam
1646 625 1696 666 et

365 709 452 753 sibi
475 712 524 752 et
546 708 638 751 suis
660 704 942 763 judicassetl
1006 705 1156 761 Igitur
1188 718 1290 759 quae
1320 703 1481 753 noluit,
1504 701 1694 759 rejecit3

365 800 466 841 quae
512 784 687 840 rejecit,
727 781 985 832 damnavit3
1023 795 1125 836 quae
1164 779 1409 830 damnavit,
1443 779 1492 822 in
1527 792 1697 835 pompa

365 862 537 905 diaboli
567 859 819 916 deputavit.

882 859 992 901 Non
1027 857 1150 901 enim
1181 857 1457 906 damnasset,
1486 854 1575 901 nisi
1602 868 1696 903 non

365 953 473 982 sua:
508 936 696 980 alterius
723 938 881 978 autem
912 949 1012 978 esse
1042 948 1135 977 non
1163 936 1365 990 possent,
1394 932 1482 976 nisi
1510 930 1694 983 diaboli,

366 1029 468 1069 quae
486 1013 580 1056 Dei
602 1027 695 1056 non
717 1014 837 1055 sunt.
892 1011 966 1053 Tu
990 1011 1028 1054 si
1051 1010 1224 1053 diaboli
1255 1023 1472 1066 pompam
1497 1006 1694 1065 ejerasti,

365 1089 584 1145 quicquid
608 1103 668 1132 ex
691 1102 747 1131 ea
770 1086 994 1143 attigeris,
1018 1086 1069 1128 id
1095 1085 1212 1129 scias
1242 1100 1342 1129 esse
1376 1084 1694 1134 idololatriam.

364 1166 453 1210 Vel
482 1166 570 1209 hoc
599 1169 649 1208 te
684 1163 1068 1208 commonefaciat
1095 1176 1254 1205 omnes
1279 1162 1414 1217 hujus
1436 1160 1591 1207 saeculi
1617 1174 1697 1216 po-

363 1246 561 1287 testates
588 1245 637 1285 et
670 1241 922 1296 dignitates
951 1254 1045 1282 non
1074 1238 1222 1282 solum
1251 1238 1435 1287 alienas,
1459 1250 1620 1280 verum
1647 1238 1698 1280 et

363 1320 571 1363 inimicas
594 1318 687 1362 Dei
716 1331 829 1368 esse,
853 1316 978 1371 quod
1007 1330 1090 1372 per
1119 1315 1218 1358 illas
1246 1314 1464 1357 adversus
1489 1312 1584 1360 Dei
1605 1326 1698 1356 ser-

363 1411 444 1440 vos
481 1395 703 1451 supplicia
743 1392 953 1437 consulta
983 1395 1101 1442 sunt,
1132 1405 1216 1448 per
1249 1390 1349 1433 illas
1378 1393 1428 1433 et
1457 1403 1603 1445 poenae
1636 1387 1698 1431 ad

363 1473 528 1528 impios
573 1474 747 1528 paratae
786 1469 1109 1526 ignorantur¹².

1180 1466 1274 1511 Sed
1307 1469 1357 1510 et
1395 1465 1611 1509 nativitas
1648 1468 1699 1509 et

365 1549 623 1593 substantia
651 1552 734 1591 tua
766 1546 974 1589 molestae
1002 1544 1089 1588 tibi
1116 1548 1224 1588 sunt
1258 1544 1476 1587 adversus
1508 1541 1698 1586 idolola-

363 1626 514 1669 triam.
562 1624 642 1667 Ad
656 1622 923 1666 evitandum
931 1623 962 1649 ¹³
979 1620 1185 1663 remedia
1203 1620 1363 1662 deesse
1381 1633 1475 1662 non
1491 1620 1696 1674 possunt,

366 1717 471 1745 cum
487 1705 548 1752 et,
565 1700 603 1744 si
616 1699 862 1748 defuerint,
888 1697 1087 1753 supersit
1099 1696 1287 1739 unicum
1308 1695 1423 1738 illud
1430 1695 1474 1745 ¹⁴,
1492 1709 1582 1750 quo
1599 1694 1698 1737 feli-

366 1779 462 1822 cior
484 1778 635 1820 faetus
658 1790 751 1819 non
774 1775 822 1816 in
845 1773 980 1817 terris
1003 1772 1300 1829 magistratus
1322 1771 1406 1815 sed
1427 1770 1483 1813 in·
1499 1770 1633 1814 eoelis.

366 1886 406 1915 ab
426 1884 509 1914 omni
527 1883 639 1922 ylorioe
656 1885 686 1911 et
698 1880 863 1919 diqm’tatis
882 1879 998 1909 ardore

355 1934 561 1974 friqentz‘bus.
592 1932 661 1962 The
669 1933 853 1970 agreement
861 1930 897 1959 of
903 1929 997 1959 MSS.

367 1993 468 2015 seems
482 1986 516 2013 to
530 1981 680 2012 establish
692 1979 866 2019 diriqendO.
894 1979 999 2009 There

367 2043 426 2064 can
439 2035 479 2063 be
500 2032 585 2062 little
605 2031 706 2060 doubt
726 2030 798 2060 that
819 2029 882 2059 this
899 2029 926 2057 is
944 2028 1000 2057 the

367 2083 491 2122 gerund
515 2082 551 2111 of
569 2081 686 2119 diriqo,
710 2079 743 2108 in
767 2079 822 2109 the
850 2087 940 2107 sense
967 2077 1003 2106 of

368 2135 378 2150 ‘
387 2132 550 2168 mensure?
569 2132 578 2147 ‘
589 2131 687 2168 adapt
706 2132 740 2158 to
752 2138 772 2158 a
785 2128 874 2165 rule,’
887 2129 897 2144 ‘
905 2127 1002 2165 bring

368 2186 402 2213 to
416 2192 436 2211 a
448 2179 551 2215 level,’
571 2189 606 2208 as
621 2179 688 2208 Cic.
702 2178 754 2208 De
770 2178 861 2207 Orat.
878 2185 931 2206 111.
946 2185 1002 2213 49:

368 2232 436 2262 Nec
455 2233 526 2260 sunt
545 2229 608 2258 haec
628 2227 870 2266 rhythmicorum
889 2228 918 2255 et
937 2235 1002 2254 mu-

368 2282 503 2311 sicorum
517 2278 675 2310 acerrima
693 2285 803 2305 norma
822 2274 1000 2313 diriqenda.

370 2331 439 2360 ‘He
463 2338 544 2368 gave
566 2331 602 2358 to
624 2326 673 2356 his
692 2334 764 2355 own
784 2334 803 2353 a
822 2326 950 2362 pattern
967 2326 1001 2352 to

368 2380 451 2410 level
461 2379 504 2408 all
517 2379 573 2408 the
585 2376 774 2415 high-flown
786 2381 1002 2412 consequence

370 2431 406 2460 of
415 2431 581 2469 greatness
593 2427 656 2456 and
670 2423 801 2464 power.’

430 2479 453 2498 ¹¹
476 2484 714 2518 quamnquam.
745 2474 803 2504 See
814 2474 924 2509 above,
938 2481 964 2502 c.
975 2479 1004 2507 4,

368 2538 400 2558 n.
438 2551 445 2558 .

419 2537 456 2595 ⁷¹²
483 2577 681 2614 iqnomntur.
743 2573 784 2602 So
818 2571 898 2602 eod.
927 2570 1004 2609 Ag„

372 2628 511 2666 Gangn.,
522 2626 594 2656 Gel.
605 2624 799 2655 and‘Pamel.
821 2623 1003 2661 ...irroqan-

370 2679 431 2713 tur,
454 2676 571 2712 Latin„
593 2674 709 2706 Junius
729 2673 793 2703 and
805 2672 894 2711 Rig„
921 2671 1004 2707 who,

1063 1877 1221 1914 however,
1239 1876 1272 1906 in
1293 1876 1343 1906 his
1364 1878 1441 1906 note
1463 1884 1619 1915 appi-oves
1635 1875 1698 1906 and

1064 1927 1208 1966 explains
1223 1927 1420 1966 iqnorantur,
1439 1927 1448 1943 ‘
1457 1926 1491 1955 It
1502 1925 1530 1955 is
1542 1925 1651 1964 owing
1662 1927 1698 1955 to

1064 1977 1120 2006 the
1133 1985 1259 2015 powers
1267 1976 1303 2005 of
1314 1976 1369 2005 the
1375 1975 1478 2005 world
1487 1975 1558 2004 that
1566 1974 1699 2013 punish-

1064 2028 1169 2056 ments
1182 2035 1236 2056 are
1245 2025 1372 2055 devised
1385 2025 1510 2063 against
1523 2024 1580 2054 the
1591 2023 1700 2054 Chris-

1065 2076 1165 2113 tians3
1186 2076 1213 2105 it
1235 2075 1262 2104 is
1283 2074 1391 2113 owing
1403 2077 1438 2104 to
1452 2074 1540 2104 them
1553 2074 1624 2104 that
1643 2074 1699 2104 the

1066 2125 1221 2164 penalties
1230 2124 1363 2154 decreed
1374 2124 1414 2162 by
1424 2123 1497 2153 God
1507 2123 1634 2161 against
1643 2122 1699 2153 the

1066 2175 1202 2213 impions
1212 2183 1266 2204 are
1280 2174 1442 2203 unknown
1457 2173 1603 2211 (because
1616 2172 1700 2202 their

1066 2224 1284 2262 persecutione
1305 2225 1443 2262 prevent
1463 2223 1519 2252 the
1539 2222 1652 2261 spread
1665 2222 1703 2252 of

1069 2272 1285 2311 Christianity‚
1316 2271 1422 2301 which
1456 2271 1577 2301 reveale
1609 2271 1700 2301 these

1067 2322 1255 2361 penalties).'

1128 2371 1155 2389 ¹³
1175 2371 1244 2400 The
1257 2370 1434 2400 remainder
1450 2369 1486 2399 of
1494 2369 1558 2399 this
1570 2369 1700 2400 treatise

1067 2421 1094 2450 is
1108 2421 1251 2459 wanting
1264 2420 1297 2448 in
1311 2420 1366 2449 the
1382 2419 1462 2449 Cod.
1478 2419 1543 2458 Ag.

1129 2469 1155 2487 ¹⁴
1175 2469 1298 2499 unicum
1317 2468 1408 2506 illud,
1422 2468 1444 2498 i.
1452 2478 1480 2499 e.
1495 2467 1699 2507 martyr-dom.

1129 2519 1188 2549 Ch.
1211 2519 1310 2548 XIX.
1352 2518 1363 2536 ¹
1385 2519 1536 2558 caligata.
1572 2517 1700 2557 Caliqa,

1069 2570 1125 2600 the
1144 2570 1222 2598 boot
1238 2578 1327 2598 worn
1348 2569 1390 2607 by
1403 2576 1549 2598 common
1568 2567 1701 2597 soldiers

1069 2618 1246 2658 (qreyariz').
1285 2618 1395 2648 Hence
1408 2617 1541 2656 caliqati
1549 2625 1632 2647 were
1640 2625 1698 2655 op-

1070 2669 1169 2708 posed
1182 2670 1216 2698 to
1229 2668 1285 2698 the
1305 2667 1436 2699 officere.
1476 2666 1554 2697 Tac.
1571 2666 1661 2696 Anu.
1674 2673 1700 2696 1.
