1812 2956
410 202 497 239 DE
537 200 782 240 CORONA
821 201 1077 239 MILITIS.
1370 194 1455 237 145

110 331 257 390 terior
294 331 485 383 invenit,
522 331 613 375 alia
656 331 865 376 conditio
900 335 985 383 est,
1021 335 1076 375 ut
1109 330 1306 381 illorum,
1343 343 1459 385 quos
1489 342 1590 375 cAP.
1606 342 1673 374 Χῐ.

109 409 350 455 Johannes
378 408 661 454 admittebat
687 409 749 453 ad
772 409 1020 461 lavacrum,
1045 413 1100 453 ut
1133 408 1459 453 centurionum
1476 426 1544 452 nuc.
1557 426 1593 452 m.
1606 403 1681 451 14f

111 486 496 538 fidelissimorum,
544 502 683 543 quem
731 486 942 531 Christus
999 487 1169 544 probat
1214 490 1264 529 et
1321 500 1459 541 quem
1479 504 1561 529 aaa.
1571 503 1628 528 vin.
1640 503 1679 528 10.

111 564 284 610 Petrus
307 564 580 617 catechizat,
609 565 722 608 dum
753 569 912 609 tamen
944 568 1161 621 suscepta
1190 564 1283 608 fide
1318 567 1461 619 atque
1479 584 1539 610 Act.
1555 591 1578 609 x.
1589 584 1629 609 29.

112 642 298 700 signata
339 646 424 687 aut
463 642 776 688 deserendum
820 643 980 687 statim
1021 642 1098 694 sit,
1136 645 1191 685 ut
1234 657 1263 685 a
1303 641 1462 684 multis

112 724 286 773 actum,
326 725 409 764 aut
454 721 668 765 omnibus
708 721 859 764 modis
894 719 1215 770 cavillandum,
1251 733 1311 762 ne
1349 717 1465 773 quid

114 799 334 844 adversus
356 799 514 843 Deum
549 799 882 849 committatur,
917 812 1020 854 quae
1048 812 1137 841 nec
1169 811 1230 840 ex
1259 796 1463 839 militia¹⁶

112 877 461 935 permittuntur,
485 881 569 920 aut
588 877 833 921 novissime
857 875 1216 932 perpetiendum
1236 889 1322 930 pro
1335 874 1462 923 Deo,

112 955 243 1012 quod
278 969 411 1010 aeque
453 954 569 998 fides
614 952 835 1010 pagana¹⁷
881 951 1104 996 condixit.
1188 950 1294 995 Nec
1340 950 1465 993 enim

115 1031 398 1076 delictorum
428 1031 756 1088 impunitatem
786 1034 869 1074 aut
896 1030 1226 1086 martyriorum
1255 1027 1467 1071 immuni-

113 1113 263 1153 tatem
284 1108 450 1152 militia
469 1107 717 1165 promittit.
765 1108 1010 1163 Nusquam
1031 1106 1319 1150 Christianus
1330 1103 1467 1147 aliud

114 1189 202 1232 est·
269 1186 431 1231 Unum
461 1185 768 1242 Evangelium
792 1189 842 1228 et
873 1185 999 1228 idem
1023 1184 1055 1228 J
1060 1198 1178 1234 esus,
1211 1187 1466 1239 negaturus
1485 1192 1555 1218 11eb-
1569 1192 1621 1217 xiii-
1635 1193 1658 1218 8-

115 1278 303 1308 omnem
330 1266 607 1320 negatorem
631 1266 681 1306 et
704 1263 1000 1306 confessurus
1024 1276 1210 1305 omnem
1234 1260 1466 1304 confesso·
1485 1273 1564 1329 {gm-
1578 1273 1655 1303 x.3·2,

113 1356 215 1386 rem
249 1341 344 1384 Dei
375 1343 425 1384 et
459 1339 631 1384 salvam
666 1340 876 1384 facturus
913 1338 1116 1381 animam
1156 1352 1242 1394 pro
1279 1336 1467 1380 nomine
1485 1355 1630 1381 uatum-1.
1646 1355 1684 1380 25.

115 1419 216 1478 ejus
238 1418 467 1470 amissam,
491 1417 761 1475 perditurus
785 1421 944 1462 autem
966 1417 1026 1461 de
1047 1415 1283 1460 contrario
1308 1414 1469 1459 adver-

822 1552 904 1588 vice,
929 1561 964 1582 as
986 1535 1081 1591 many
1104 1551 1185 1581 have
1207 1551 1300 1587 done,
1323 1559 1360 1580 or
1384 1553 1470 1581 must

823 1603 937 1633 demur
950 1603 981 1632 in
992 1603 1036 1631 all
1051 1611 1135 1641 ways
1151 1605 1185 1631 to
1200 1602 1300 1640 doing
1313 1601 1470 1640 anything

824 1653 953 1692 against
976 1651 1079 1682 God's
1107 1652 1174 1681 will
1200 1650 1324 1690 (which
1354 1651 1471 1689 doings

113 1552 224 1584 statim
256 1551 463 1583 deserendam
498 1562 567 1583 esse
599 1552 758 1590 militiam,

115 1603 203 1644 quod
222 1612 264 1634 ex
286 1603 411 1641 militia,
429 1603 463 1633 id
484 1606 534 1634 est
554 1612 613 1642 per
635 1603 758 1633 militiae

114 1653 205 1694 leges
222 1662 288 1684 nou
309 1653 398 1691 licet,
412 1656 470 1684 aut
483 1653 588 1684 modis
609 1653 758 1683 omnibus

114 1704 301 1742 cavendum,
320 1713 362 1735 ne
382 1704 459 1744 quid
480 1704 631 1734 adversus
651 1701 758 1734 Deum

113 1754 346 1792 committatur,
360 1754 447 1794 quod
468 1754 553 1784 idem
576 1763 616 1784 ex
635 1753 759 1783 militias

114 1804 271 1836 Romamn
282 1804 411 1844 legibus
426 1804 480 1835 vix
499 1804 607 1841 liceat,
627 1807 684 1834 aut
699 1813 761 1834 ex·—

114 1857 219 1886 trema
232 1863 370 1894 quasque
379 1854 590 1894 perpetienda
603 1863 662 1893 pro
676 1854 759 1891 Deo,

115 1904 203 1944 qnod
217 1904 321 1934 omnis
333 1903 534 1934 Christianus
550 1903 680 1934 Christo
696 1903 760 1932 fide

115 1954 204 1985 diota
226 1952 391 1985 condixit:
414 1953 509 1984 Oehl.
559 1956 652 1983 extra
675 1952 760 1983 mili-

115 2005 206 2042 tiam,
226 2005 318 2034 ‘eum
335 2013 394 2034 nec
415 2006 508 2034 extra
526 2003 684 2040 militiam,
698 2002 760 2032 hoc

116 2057 168 2086 est
190 2054 225 2084 in
255 2054 352 2084 rebus
384 2053 529 2093 privatis,
553 2053 761 2092 permittatur

115 2103 211 2135 fidem
225 2103 325 2134 semel
338 2106 518 2142 susceptam
534 2102 689 2139 deserere,
704 2104 762 2131 aut

116 2154 258 2186 cavillari
291 2163 361 2184 eam
395 2156 430 2184 et
463 2151 617 2183 eludere!
673 2152 761 2182 Both

116 2205 202 2236 refer
214 2205 297 2235 back
310 2213 381 2244 quoe
392 2203 615 2243 permittuntur
628 2205 663 2233 to
675 2202 761 2232 dese-

116 2255 247 2287 randum
266 2254 331 2285 and
358 2253 581 2285 cavillandum.
625 2253 763 2284 Tertull.

117 2315 228 2337 means
247 2307 282 2336 to
301 2314 357 2345 say
376 2305 449 2335 that
468 2304 496 2334 if
513 2304 568 2334 the
589 2303 763 2334 converted

117 2355 237 2387 soldier
248 2355 386 2386 remains
398 2354 432 2384 in
446 2354 502 2385 the
515 2363 616 2394 army,
627 2354 668 2384 he
677 2356 764 2383 must

118 2406 222 2437 either
241 2413 379 2444 manage
399 2407 434 2435 to
452 2404 546 2434 avoid
566 2407 763 2443 transgress-

118 2457 178 2496 iug
192 2455 296 2487 God's
314 2455 405 2494 lawa,
424 2464 462 2485 or
481 2455 523 2485 he
542 2457 629 2485 must
643 2454 695 2484 die
712 2454 763 2484 for

119 2506 176 2537 the
190 2514 286 2536 cause
299 2504 336 2535 of
345 2504 465 2535 Christ.
490 2504 561 2534 The
570 2504 764 2534 antecedent

119 2556 157 2587 of
165 2565 235 2596 quoe
245 2555 273 2585 is
281 2557 316 2586 to
325 2555 365 2585 be
376 2554 496 2594 sought
506 2554 538 2583 in
548 2564 585 2584 ne
593 2554 673 2593 quid
682 2563 764 2584 com-

119 2605 274 2642 mittatur,
285 2606 295 2621 ‘
303 2604 456 2644 provided
469 2604 683 2634 nevertheless
693 2604 764 2634 that

120 2656 215 2686 when
231 2654 312 2685 raith
331 2654 388 2684 has
408 2653 489 2684 been
510 2653 678 2684 embraced
699 2653 764 2683 and

120 2705 240 2745 scaled,
254 2714 305 2736 we
318 2707 406 2735 must
419 2704 523 2735 either
536 2704 608 2744 quit
623 2704 678 2735 the
695 2713 762 2735 ser-

259 2772 392 2802 TERT.

823 1712 878 1733 are
905 1706 964 1732 not
985 1702 1124 1732 allowed
1144 1711 1185 1731 on
1211 1701 1267 1731 the
1288 1701 1417 1739 ground
1437 1700 1474 1730 of

824 1754 964 1793 military
986 1753 1105 1783 service
1126 1761 1216 1782 more
1237 1752 1314 1782 than
1340 1761 1382 1781 on
1409 1761 1471 1791 any

825 1805 919 1834 other
938 1803 1082 1843 ground)
1095 1814 1104 1840 3
1119 1813 1155 1832 or
1171 1803 1202 1832 in
1218 1803 1273 1832 the
1292 1803 1355 1832 last
1370 1802 1472 1841 place,

825 1864 875 1884 we
886 1857 972 1884 must
981 1854 1102 1883 endure
1110 1854 1161 1882 for
1178 1853 1276 1883 God's
1286 1853 1372 1889 sake,
1383 1852 1472 1883 what

826 1904 882 1934 the
895 1903 976 1933 faith
990 1903 1026 1932 of
1038 1903 1164 1939 citizen,
1176 1912 1218 1932 no
1233 1903 1296 1932 less
1316 1902 1394 1931 than
1408 1902 1472 1932 sol<

826 1953 905 1990 dier,
919 1953 976 1982 has
991 1953 1110 1992 agreed
1122 1955 1155 1982 to
1170 1951 1292 1982 suffer.'

889 2002 914 2022 ¹⁷
928 2011 1075 2041 paqana.
1106 2011 1258 2041 paqanus
1278 2001 1421 2040 opposed
1435 2004 1471 2031 to

827 2053 915 2083 miles
929 2062 965 2082 as
980 2061 1030 2082 we
1043 2061 1165 2090 oppose
1181 2054 1190 2069 ‘
1201 2051 1327 2081 citizen‘
1340 2055 1375 2081 to
1388 2051 1470 2081 ‘sol-

828 2103 921 2134 dier.'
953 2102 1029 2133 Juv.
1045 2103 1113 2133 Sat.
1127 2110 1201 2132 xvx.
1214 2101 1270 2140 3'3:
1287 2101 1391 2131 Citius
1394 2101 1472 2141 sal-

828 2163 895 2183 eum
910 2152 1088 2192 producere
1109 2155 1214 2182 testem
1230 2151 1351 2182 Contra
1361 2161 1471 2190 paqu-

827 2213 900 2233 num
927 2203 1044 2242 possis,
1072 2211 1168 2242 quam
1196 2211 1272 2231 vera
1301 2201 1473 2241 loquentem

832 2253 952 2284 Contra
960 2253 1130 2292 fbrtunam
1150 2252 1279 2282 armati.
1313 2253 1473 2291 Paqanus

829 2314 895 2334 was
907 2307 964 2333 not
972 2303 1051 2333 used
1062 2304 1114 2333 for
1124 2303 1287 2332 ‘heathen’
1296 2303 1406 2332 before
1414 2303 1471 2333 the

829 2354 950 2393 empire
959 2355 1090 2384 became
1098 2353 1270 2390 Christian,
1278 2353 1362 2383 after
1367 2353 1472 2383 which

828 2405 885 2435 the
899 2414 992 2434 name
1007 2413 1072 2434 was
1088 2404 1216 2442 applied
1231 2406 1266 2433 to
1280 2403 1335 2433 the
1349 2407 1472 2433 remote

829 2455 892 2484 and
906 2454 984 2484 rude
999 2458 1216 2493 countrymen,
1231 2462 1265 2482 as
1280 2454 1423 2492 opposed
1437 2456 1472 2484 to

830 2505 885 2535 the
901 2514 988 2534 more
1002 2504 1210 2542 enlightened
1227 2503 1424 2533 inhabitants
1439 2504 1476 2534 of

829 2557 947 2585 towns.
972 2554 1104 2583 Herald.
1123 2554 1293 2583 Animadv.
1305 2554 1338 2583 in
1349 2554 1472 2585 Arnob.

829 2605 901 2634 init.
945 2604 1100 2633 Prudent.
1122 2603 1193 2633 adv.
1211 2603 1332 2643 Symm.
1355 2612 1380 2635 1.
1397 2613 1474 2642 449:

831 2655 903 2684 Sint
916 2654 980 2685 haec
995 2654 1174 2684 barbaricis
1191 2654 1325 2693 qeutilia
1344 2654 1476 2686 numina

824 2705 936 2745 paqis.

1310 2758 1338 2807 7
