1812 2956
495 209 582 245 DE
622 206 1060 246 SPEOTAOULIS.
1121 250 1125 252 v
1398 199 1452 239 41

105 343 232 388 idem
248 343 296 386 in
316 342 469 387 stadio
491 341 779 399 gravioribus
803 339 970 396 pugnis
1005 338 1275 395 suffragium
1305 337 1453 381 ferat:
1494 347 1531 378 c.
1547 347 1648 378 XXI.

106 424 157 465 et
190 421 271 476 qui
303 420 365 464 ad
396 420 594 464 cadaver
616 419 815 462 hominis
848 416 1082 461 communi
1105 415 1211 473 lege
1241 414 1454 459 defuncti

106 497 340 550 exhorret,
364 498 490 542 idem
513 497 561 539 in
585 495 928 553 amphitheatro
961 494 1128 538 derosa
1157 497 1207 537 et
1231 493 1454 550 dissipata

105 576 218 620 etin
240 590 325 620 suo
348 575 572 632 sanguine
596 574 856 630 squalentia
879 588 1076 629 corpora
1103 571 1452 629 patientissimis

105 653 251 698 oculis
285 653 486 710 desuper
508 652 777 696 incumbat:
812 651 954 694 immo
991 651 1070 706 qui
1093 653 1286 707 propter
1307 649 1455 692 homi-

105 731 223 776 cidae
236 746 418 788 poenam
434 730 722 787 probandam
740 728 802 772 ad
817 727 1134 785 spectaculum
1148 726 1317 777 veniat,
1325 726 1452 769 idem

102 809 414 866 gladiatorem
436 809 498 852 ad
520 807 822 852 homicidium
844 805 1037 863 flagellis
1073 809 1123 848 et
1145 804 1303 860 virgis¹
1330 790 1454 847 com-

103 887 248 944 pellat
270 887 493 931 invitum:
525 889 576 929 et
610 885 689 940 qui
712 883 953 941 insigniori
984 882 1152 937 cuique
1183 881 1454 925 homicidae²

101 964 288 1009 leonem
309 964 474 1021 poscit,
493 963 619 1006 idem
635 961 884 1019 gladiatori
904 960 1052 1004 atroci
1070 962 1202 1016 petat
1222 958 1388 1002 rudem
1405 962 1455 1002 et

101 1042 300 1100 pileums
328 1042 571 1099 praemium
599 1040 841 1085 conferat:
878 1039 1008 1082 illum
1038 1053 1149 1082 vero
1185 1037 1453 1081 confectum

103 1120 247 1164 etiam
279 1120 371 1165 oris
409 1118 677 1177 spectaculo
711 1119 933 1174 repetat⁴‚
971 1116 1192 1160 libentius
1229 1129 1454 1171 recogno-

102 1212 237 1242 scens
260 1198 320 1242 de
349 1198 564 1255 proximo
593 1210 732 1252 quem
754 1194 902 1238 voluit
937 1194 1154 1238 occidere
1185 1194 1245 1237 de
1275 1192 1454 1249 longin-

104 1290 211 1331 quo,
233 1279 368 1319 tanto
392 1268 554 1318 durior
575 1274 614 1317 si
636 1272 822 1317 noluit⁵,

205 1353 332 1405 Quid
350 1352 520 1395 mirum
537 1351 561 1395 P
595 1351 838 1405 Inaequata
864 1349 976 1392 ista¹
1000 1348 1239 1392 hominum
1259 1347 1454 1391 miscen-
1483 1362 1521 1393 c.
1538 1362 1661 1394 xxn.

1471 1417 1580 1449 Among
1590 1417 1638 1442 the

102 1431 222 1475 tium
252 1435 303 1475 et
337 1429 723 1475 commutantium
764 1431 939 1471 statum
982 1427 1094 1470 b'oni
1137 1430 1186 1470 et
1221 1426 1331 1469 mali
1368 1440 1454 1482 per

102 1509 462 1554 inconstantiam
482 1521 655 1557 sensus,
681 1510 730 1549 et
745 1505 913 1563 judicii
935 1505 1221 1548 varietatem.
1263 1503 1454 1547 Etenim

101 1586 190 1644 ipsi
213 1591 430 1631 auctores
453 1589 503 1630 et
525 1584 925 1628 administratores
947 1581 1320 1639 spectaculorum
1344 1596 1453 1636 qua-

102 1665 345 1724 drigarios,
370 1664 592 1715 scenicos,
618 1662 837 1720 xysticos,
869 1661 1130 1704 arenarios2
1159 1659 1262 1703 illos
1297 1674 1452 1702 aman-

101 1743 317 1796 tissimos,
352 1743 519 1799 quibus
558 1741 644 1785 viri
683 1740 871 1790 animas,
912 1739 1098 1783 feminae
1144 1742 1304 1781 autem
1339 1737 1429 1780 illis

104 1871 220 1911 Comp.
255 1871 411 1903 Prudent.
447 1871 518 1903 adv.
554 1872 673 1911 Symm.
700 1879 740 1902 ιι.

103 1925 196 1960 1096:
216 1921 244 1952 0
255 1925 400 1959 tenerum,
411 1922 574 1962 mitemque
587 1920 743 1952 animum!

102 1972 264 2012 consurqit
279 1971 325 2002 ad
337 1972 427 2009 ictuc,
443 1972 491 2002 Et
506 1972 628 2011 quoties
643 1971 744 2001 victor

99 2020 223 2060 ferrum
236 2020 353 2061 juqulo
375 2022 495 2059 inserit,
516 2021 578 2051 illa
596 2021 744 2051 Delicias

101 2071 153 2102 ait
159 2081 225 2102 ene
231 2081 318 2110 suas,
325 2071 637 2112 peetusquejacentis
646 2071 742 2111 Virqo

101 2121 242 2152 modesta
245 2121 338 2160 jubet
344 2131 490 2153 converso
495 2122 614 2161 pollice
625 2122 740 2161 rumpi.

100 2171 249 2203 Lactant-
275 2172 318 2203 D.
335 2173 365 2204 1.
378 2181 425 2203 Vt.
443 2183 501 2204 20:
524 2172 638 2211 Quaero
662 2181 743 2202 nunc

101 2231 146 2252 an
158 2222 286 2262 possint
299 2222 354 2262 pii
374 2226 403 2253 et
413 2222 499 2261 justi
519 2222 658 2252 homines
679 2231 743 2252 esse

101 2273 159 2313 qm·
184 2273 367 2304 eonstitutoe
391 2274 450 2304 sub
476 2274 541 2304 ictu
567 2273 678 2303 ηιονιίε
702 2282 743 2303 ac

100 2323 354 2354 misericordiam
372 2323 576 2363 deprecantes
592 2333 654 2353 non
669 2326 741 2353 tan-

100 2373 166 2400 tum
173 2370 345 2410 patiami·
356 2371 469 2409 occidi,
482 2371 539 2401 sed
553 2371 742 2411 qfflwitant,

97 2421 266 2461 feruntque
297 2421 345 2451 ad
375 2425 504 2452 mortem
536 2421 694 2452 crudelia*
714 2424 743 2451 et

100 2471 275 2501 inhumana
295 2471 466 2511 euffraqia,
485 2481 540 2502 nec
562 2472 743 2502 vulneribus

100 2521 226 2558 satiati,
250 2530 306 2552 nec
332 2530 444 2551 eruore
468 2522 619 2558 contenti;
647 2522 741 2561 quin-

101 2571 196 2601 etiam
221 2579 386 2610 pereussos
410 2570 611 2611 jacentesque
643 2572 743 2610 repeti

93 2620 216 2660 jubent,
230 2624 260 2651 et
273 2621 433 2652 cadavera
448 2621 562 2652 ictibus
574 2621 742 2660 dissipari,

100 2679 139 2702 ne
152 2671 224 2710 quie
237 2670 311 2701 illos
323 2671 475 2701 simulata
488 2675 586 2702 morte
599 2672 739 2702 deludat.

162 2719 176 2739 ⁶
194 2723 282 2752 tanto
309 2721 432 2759 durior,
459 2721 490 2752 si
510 2722 620 2754 noluit.
658 2722 739 2754 eod.

811 1872 888 1908 Ag„
918 1868 995 1908 Rig.
1025 1867 1089 1898 and
1126 1867 1221 1898 Oehl.
1253 1876 1315 1897 non
1343 1867 1453 1904 voluit,

810 1919 924 1957 ‘being
950 1928 986 1948 so
1013 1918 1109 1947 much
1142 1918 1198 1947 the
1232 1926 1322 1947 more
1354 1916 1452 1946 hard-

809 1968 943 1998 hearted
961 1971 996 1998 to
1015 1967 1142 2006 delight
1161 1967 1194 1996 in
1216 1967 1294 2003 such
1315 1976 1335 1996 a
1354 1967 1452 2007 sight,

809 2018 837 2047 if
849 2018 890 2048 he
904 2018 959 2047 did
973 2020 1031 2047 not
1044 2017 1147 2047 desire
1160 2017 1210 2046 his
1224 2016 1344 2047 death)

871 2069 934 2099 Ch.
971 2068 1090 2099 XXII.
1148 2066 1158 2086 ¹
1183 2067 1345 2106 inoequata
1378 2067 1452 2098 ista.

810 2119 900 2149 Pam.
926 2118 965 2148 de
991 2118 1154 2157 inoequata
1181 2117 1451 2147 ieta...varietate.

810 2169 890 2199 This
913 2169 941 2198 is
965 2167 1122 2208 probably
1143 2167 1350 2206 conjectural.
1388 2167 1453 2197 ista

808 2219 836 2249 is
856 2219 913 2249 the
934 2228 1020 2248 nom.
1038 2217 1208 2256 following
1224 2217 1289 2247 and
1304 2217 1451 2256 explain-

809 2269 867 2309 ing
885 2269 974 2309 Quid
990 2270 1104 2299 mirum
1116 2268 1132 2299 ‚⁹
1162 2268 1172 2285 ‘
1183 2268 1283 2298 What
1296 2268 1452 2298 wonder?

810 2320 918 2350 Thone
932 2318 1214 2356 inconsistencies,’
1229 2317 1290 2348 ae.

869 2369 884 2388 ⁹
906 2360 1149 2409 φιαάνίᾳανὶορ,
1176 2368 1324 2405 scenicos,
1351 2368 1454 2407 xysti-

809 2430 871 2458 cos,
895 2420 1074 2451 arenarios.
1116 2419 1215 2458 Apol.
1238 2428 1265 2448 c.
1290 2421 1345 2457 38:
1372 2419 1455 2449 nihil

809 2474 854 2501 est
874 2470 964 2500 nobis
984 2469 1081 2505 dictu,
1094 2469 1177 2506 visu,
1193 2468 1307 2498 auditu
1321 2478 1390 2499 cum
1403 2469 1454 2499 in-

809 2521 904 2551 sania
919 2520 1008 2557 circi,
1023 2529 1091 2550 cum
1111 2519 1313 2558 impudicitia
1326 2519 1454 2558 theatri,

809 2580 879 2602 cum
901 2570 1069 2601 atrocitate
1091 2578 1207 2608 arenae‚
1224 2578 1294 2600 cum
1314 2570 1455 2600 vanitate

809 2621 904 2661 xysti.

870 2672 884 2691 ³
903 2672 1017 2712 quibus
1030 2671 1095 2702 viri
1108 2671 1271 2702 animas...
1289 2671 1367 2702 This
1378 2681 1454 2711 pas.

809 2732 887 2762 sage
900 2723 928 2753 is
942 2732 977 2753 so
991 2722 1163 2762 corrupted
1182 2724 1215 2754 in
1233 2722 1288 2755 the
1306 2723 1402 2753 MSS.
1417 2732 1453 2752 as

1471 1448 1592 1473 heathen
1602 1448 1663 1473 who

1470 1479 1580 1504 confuse
1588 1479 1659 1509 good

1470 1509 1526 1534 and
1536 1509 1596 1539 evil,
1609 1509 1656 1534 tho

1469 1540 1617 1595 aaa?
1628 1539 1651 1565 h

1469 1601 1600 1631 although
1607 1590 1662 1625 ’the

1468 1632 1614 1663 professura
1625 1638 1673 1656 arc

1468 1662 1582 1687 courted
1592 1661 1648 1687 and

1469 1692 1555 1718 loved.

1435 1738 1453 1764 3
1469 1723 1511 1749 ΕΒ.
1525 1730 1549 1749 V·
1561 1723 1598 1749 20.
