1812 2956
484 188 585 225 'DE'
617 186 1045 226 SPECTAOULIS.
1088 194 1092 196 “
1400 181 1454 222 15

106 319 397 365 Circensium
419 319 559 376 paulo
583 319 847 376 pompatior
875 322 1137 376 suggestus,
1163 319 1329 374 quibus
1350 333 1455 375 pro·
1473 331 1572 362 CAP.
1588 330 1672 361 vn.

107 396 210 455 prie
231 397 322 441 hoc
356 411 528 440 nomen
550 392 759 454 pompa¹,
784 396 1065 453 praecedens,
1092 410 1288 451 quorum
1321 396 1383 439 sit
1406 396 1455 438 in

103 473 354 531 semetipsa
376 475 605 531 probans²
628 474 688 517 de
717 474 1069 518 simulacrorum
1101 474 1234 525 serie,
1259 474 1319 518 de
1343 474 1456 517 ima-

102 551 265 608 ginum
305 552 505 608 agmine,
545 552 607 596 de
649 552 873 603 curribus,
914 552 975 596 de
1017 552 1176 602 tensis,
1213 551 1273 595 de
1307 566 1455 595 arma-

102 628 289 680 maxis³,
313 628 374 672 de
398 629 601 679 sedibus,
626 629 686 672 de
711 629 908 680 coronis,
934 629 994 673 de
1013 629 1226 673 exuviis⁴.
1267 630 1454 681 Quanta

101 711 331 764 praeterea
360 721 508 759 sacra,
535 711 710 763 quanta
742 707 967 751 sacrificia
990 707 1271 764 praecedant,
1297 722 1455 751 succe-

103 785 234 836 dant,
272 788 390 840 quot
427 785 638 842 collegia,
681 788 797 841 quot
834 785 1114 837 sacerdotia,
1154 788 1269 840 quot
1303 785 1456 829 officia

101 866 390 915 moveantur,
419 862 574 907 sciunt
607 862 818 906 homines
844 863 966 907 illius
997 862 1141 914 urbis,
1166 863 1214 905 in
1247 877 1339 918 qua
1367 863 1455 907 dae-

102 940 366 984 moniorum
384 942 664 984 conventus⁵
685 940 912 985 consedit.
983 941 1056 984 Ea
1079 941 1118 984 si
1139 940 1319 984 minore
1344 955 1456 984 cura

101 1032 188 1076 per
210 1017 469 1075 provincias
488 1033 574 1075 pro
594 1018 850 1062 minoribus
867 1018 1041 1062 viribus
1056 1018 1454 1068 administrantur,

102 1100 263 1141 tamen
309 1110 472 1140 omnes
525 1096 688 1153 utique
736 1097 981 1141 Circenses
1031 1096 1141 1140 illuc
1196 1096 1456 1153 deputandi

105 1174 232 1219 unde
286 1178 337 1219 et
381 1178 620 1232 petuntur,
664 1175 775 1219 inde
837 1175 1140 1230 inquinantur
1197 1175 1324 1218 unde
1385 1189 1457 1218 su-

103 1255 307 1296 muntur.
371 1251 497 1296 Nam
532 1256 582 1296 et
620 1252 793 1295 rivulus
831 1253 986 1296 tenuis
1017 1252 1077 1295 de
1119 1266 1203 1295 suo
1235 1252 1368 1295 fonte
1407 1257 1457 1295 et

103 1330 314 1375 surculus
338 1330 550 1374 modicus
580 1345 640 1374 ex
665 1345 748 1374 sua
772 1330 940 1374 fronde
966 1322 1240 1385 dualitatem
1264 1329 1456 1386 originis

104 1409 328 1453 eontinet.
374 1409 563 1453 Viderit
586 1409 780 1453 ambitio
803 1409 877 1452 vel
899 1408 1143 1465 frugalitas
1166 1408 1280 1464 ejus,
1304 1408 1455 1463 quod⁶

103 1486 262 1530 Deum
303 1485 526 1530 offendit:
583 1486 934 1542 qualiscumque
972 1501 1143 1543 pompa
1187 1485 1325 1536 Circi,
1366 1486 1456 1530 etsi

102 1601 138 1629 at
150 1597 220 1628 first
235 1598 380 1638 peeuliar
393 1600 428 1629 to
445 1599 501 1629 the
518 1598 602 1629 Ludi
618 1598 744 1638 Magni,

101 1647 272 1678 instituted
306 1648 349 1688 by
375 1647 418 1678 A.
445 1648 630 1678 Postumius
660 1649 745 1679 after

103 1698 160 1728 the
169 1698 272 1728 battle
282 1698 319 1728 of
330 1698 490 1739 Regillus.
506 1699 710 1729 Afterwards
720 1699 746 1729 it

102 1756 171 1778 was
179 1748 319 1788 adopted
333 1749 497 1789 generally
510 1751 545 1779 at
558 1749 602 1779 all
615 1749 744 1779 Games.

163 1797 180 1816 ²
199 1798 354 1838 probam.
408 1798 484 1839 Rig.
513 1799 596 1828 from
624 1799 744 1838 conjec.

100 1848 229 1888 probat.
270 1848 350 1879 This
369 1848 396 1879 is
409 1858 630 1890 unnecessary.
674 1849 746 1880 The
780 1846 784 1852 '

103 1898 205 1930 subst.
216 1898 292 1928 verb
307 1901 353 1930 est
369 1898 396 1928 is
414 1898 621 1938 understood,
629 1899 746 1939 paullo

102 1949 286 1988 pompatior
301 1949 385 1988 (w)
399 1952 572 1988 προπίω·

164 1997 180 2017 ⁸
199 1998 239 2028 de
251 1998 407 2036 eun-ihm,
419 1998 459 2028 de
470 1999 574 2036 tensis,
588 1999 627 2029 de
640 2007 752 2029 arma-¹

105 2049 221 2079 mazia.
251 2057 374 2086 currus,
397 2048 453 2079 the
475 2048 614 2078 chariots
642 2048 747 2079 which

106 2098 287 2129 contended
305 2098 339 2128 in
348 2098 405 2128 the
422 2107 512 2135 raee;
535 2100 630 2128 tensoe
645 2098 747 2136 (from

105 2148 230 2187 tendo),
248 2149 388 2179 ehariots
415 2148 602 2188 containing
625 2149 748 2187 images

106 2200 145 2230 of
165 2199 248 2239 gods
276 2196 450 2238 drawn‘by
477 2208 573 2238 ropes
586 2210 595 2237 3
637 2207 748 2228 arma-

105 2258 219 2287 πωπω,
254 2249 347 2289 large
383 2257 530 2288 wagons,
566 2258 608 2278 on
642 2248 748 2278 which

105 2308 192 2330 arms
215 2308 301 2329 were
328 2298 415 2338 piled
444 2308 490 2338 up
524 2308 559 2328 as
593 2298 748 2338 trophies.

108 2348 281 2387 Suetonufi
290 2348 313 2378 J
314 2348 357 2378 ul.
374 2358 383 2379 z
405 2348 574 2388 Amplior-cz
587 2348 680 2378 etiam
692 2349 748 2378 hu-

107 2407 200 2428 mano
210 2398 352 2438 faniqio
365 2399 491 2429 decerni
505 2399 568 2429 sibi
582 2408 701 2437 passus
720 2402 750 2429 et

107 2448 209 2479 sedem
222 2449 400 2479 aureamin
414 2449 516 2487 curia,
530 2453 558 2480 et
571 2458 634 2488 pro
649 2449 749 2479 tribu·

107 2498 178 2529 nali
209 2501 337 2535 tensam,
363 2502 393 2528 et
415 2499 579 2538 ferculum
607 2498 750 2529 Circen-ei

102 2557 235 2588 pompa,
245 2548 371 2587 templa,
377 2557 467 2587 aras,
472 2547 751 2586 simulacrajuxta

107 2597 207 2628 Deos.

161 2646 178 2666 ⁴
190 2647 229 2678 de
238 2647 372 2686 sedibus,
381 2648 420 2678 de
428 2649 563 2686 coronis,
569 2648 607 2679 de
618 2649 751 2679 exuviis.

107 2695 196 2727 cedes
209 2706 246 2727 or
259 2697 341 2728 sellae
366 2698 422 2729 the
440 2698 571 2729 thrones
591 2708 632 2729 on
646 2699 751 2729 which

814 1599 868 1629 the
882 1598 1004 1638 images
1014 1608 1099 1629 were
1114 1598 1246 1638 placed3
1266 1598 1392 1636 exuviae,
1401 1599 1458 1628 the

813 1648 936 1678 dresses
958 1649 1021 1678 and
1044 1649 1137 1678 other
1154 1649 1326 1688 trappings
1347 1649 1383 1678 of
1401 1649 1457 1678 the

812 1699 904 1738 gods.
945 1698 997 1729 De
1018 1698 1136 1730 Conon.
1159 1708 1188 1728 c.
1206 1707 1243 1738 7:
1273 1699 1312 1729 de
1335 1699 1458 1729 exuviis

812 1749 976 1788 utriusque
995 1749 1153 1789 priviqni.
1192 1749 1314 1780 Ochler
1341 1752 1457 1788 quotes

814 1798 914 1837 Apul.
937 1799 1018 1830 Met.
1035 1808 1088 1830 XI.
1110 1808 1136 1830 c.
1160 1809 1216 1829 10:
1241 1798 1307 1830 Sed
1327 1799 1455 1829 antisti-

814 1852 859 1878 tes
873 1858 1038 1879 sacrorum
1052 1858 1203 1891 proceres
1217 1849 1269 1879 illi
1273 1850 1458 1888 ...potentis-

814 1899 963 1929 simorum
991 1899 1119 1929 deorum
1139 1900 1354 1939 praeferebant
1380 1909 1458 1930 exu-

813 1948 895 1978 vias.

875 1998 888 2016 ⁵
909 1998 1131 2028 doemoniorum
1145 2002 1319 2029 conventus.
1344 1999 1459 2039 Comp.

814 2047 930 2085 below,
958 2057 985 2078 c.
1016 2058 1063 2086 12,
1093 2048 1289 2086 Capitolium
1321 2049 1457 2079 omnium

815 2097 984 2128 damonum
994 2098 1138 2136 templum
1148 2101 1193 2128 est
1200 2108 1215 2134 ;
1237 2098 1382 2138 Apolog.
1392 2108 1421 2128 c.
1430 2102 1459 2135 6,

819 2147 980 2186 Capitolio
989 2148 1180 2187 prohibitos,
1195 2148 1232 2178 id
1244 2151 1287 2178 est
1301 2148 1394 2178 curia
1408 2148 1460 2179 de-

815 2207 905 2227 orum
913 2197 1036 2236 pulsos.

875 2247 889 2266 ⁶
901 2247 995 2287 quod,
1010 2249 1020 2264 ‘
1029 2257 1070 2277 no
1080 2249 1199 2277 matter
1207 2247 1354 2278 whether
1367 2248 1459 2278 there

814 2298 856 2328 be
871 2298 994 2337 display
1008 2307 1045 2327 or
1055 2307 1209 2337 eeonomy
1223 2298 1255 2326 in
1271 2298 1341 2327 that
1355 2298 1460 2327 which

816 2347 940 2377 offends
964 2347 1062 2378 Godss
1107 2348 1159 2378 On
1187 2347 1303 2377 viderit
1329 2357 1382 2378 see
1408 2347 1460 2379 De

818 2397 893 2428 Cor.
913 2406 940 2427 e.
960 2407 987 2434 2,
1001 2407 1032 2427 n.
1050 2407 1078 2428 2.
1110 2397 1190 2427 Cod.
1206 2397 1273 2437 Ag.
1297 2397 1349 2428 sit.
1385 2398 1457 2428 Gel.

816 2448 880 2477 and
907 2448 1028 2478 Pamel.
1057 2457 1130 2486 quo.
1180 2447 1327 2477 Barraeus
1362 2449 1458 2487 quod.

819 2497 897 2537 lzig.
918 2497 1038 2527 Viderit
1052 2497 1181 2527 ambitio
1195 2497 1261 2527 sive
1272 2498 1460 2537 sruqalitas

817 2548 891 2586 ejus.
909 2547 1025 2577 Deum.
1062 2546 1157 2576 Oehl.
1170 2547 1252 2576 from
1268 2547 1404 2587 conjeet.
1418 2549 1459 2580 si.

820 2598 941 2628 Oehler
959 2597 1036 2627 does
1056 2600 1114 2626 not
1135 2596 1278 2627 mention
1294 2597 1350 2628 the
1364 2598 1458 2628 read-

817 2648 890 2687 ings
904 2657 965 2686 quo
987 2646 1050 2676 and
1063 2646 1157 2686 quod,
1171 2647 1230 2677 but
1251 2655 1321 2687 says
1335 2657 1413 2688 quos
1433 2648 1460 2678 is

818 2698 874 2729 the
889 2706 1036 2728 common
1051 2697 1194 2737 reading.
