1812 2956
470 162 556 200 DE
590 161 832 201 CORONA
866 162 1135 202 MILITIS'.
1394 158 1478 202 153

1372 296 1477 340 Etsi
1516 303 1556 337 ο.
1570 303 1672 336 xm.

126 292 330 338 alienum
383 295 619 350 quomodo
677 295 897 339 saeculum
953 295 1253 338 manumittet
1266 296 1290 339 ?

125 370 317 416 libertas
345 372 545 424 videtur,
577 372 661 417 sed
693 377 742 416 et
772 373 968 417 servitus
1000 373 1245 417 videbitur.
1305 374 1475 418 Omnia

125 449 399 507 imaginaria
432 451 480 493 in
516 451 686 495 saeculo
722 454 772 494 et
802 451 916 494 nihil
950 451 1059 495 veri.
1130 452 1255 495 Nam
1285 455 1335 495 et
1360 456 1474 496 tunc

123 525 243 571 liber
279 527 479 572 hominis
514 543 630 580 eras,
666 529 938 586 redemptus
975 544 1004 573 a
1036 529 1237 581 Christo,
1271 534 1321 574 et
1349 545 1473 575 nunc

125 618 283 649 servus
307 620 356 649 es
382 606 567 657 Christi,
592 606 704 650 licet
726 608 1032 651 manumissus
1061 608 1121 651 ab
1150 608 1351 651 homine.
1424 609 1474 653 Si
1490 624 1500 648 ι
1516 624 1576 651 cor.
1590 625 1632 651 vu
1646 626 1687 651 22.

122 696 280 726 veram
313 687 451 740 putes
480 683 634 727 saeculi
661 683 943 735 libertatem,
973 688 1028 727 ut
1065 688 1115 727 et
1157 699 1330 728 corona
1369 699 1472 728 eam

123 760 380 817 consignes,
395 760 559 804 redisti
583 761 631 803 in
653 761 924 804 servitutem
941 761 1152 813 hominis,
1177 777 1315 817 quam
1335 766 1473 819 putas

120 836 401 888 libertatem,
432 837 627 881 amisisti
654 838 923 881 libertatem
949 839 1135 890 Christi,
1166 854 1306 898 quam
1333 843 1472 896 putas

120 914 408 959 servitutem.
477 915 720 970 Numquid
755 919 806 959 et
839 916 1112 971 agonisticae
1151 919 1345 959 causae¹³
1381 917 1472 961 dis-

119 992 422 1048 putabuntur,
471 1007 588 1047 quas
634 992 791 1036 statim
841 993 968 1036 tituli
1017 994 1088 1037 sui
1134 994 1371 1046 damnant,
1420 999 1471 1039 et

117 1085 271 1115 sacras
295 1074 346 1114 et
367 1071 588 1115 funebres
612 1071 829 1115 scilicet?
883 1072 991 1115 Hoc
1014 1072 1138 1115 enim
1163 1077 1388 1128 superest,
1414 1077 1469 1116 ut

119 1147 362 1205 Olympius
378 1148 567 1206 Jupiter
590 1152 641 1192 et
663 1149 914 1192 Nemeaeus
935 1149 1166 1194 Hercules
1190 1154 1240 1193 et
1263 1150 1469 1194 misellus

115 1226 432 1271 Archemorus
468 1230 518 1270 et
540 1227 818 1270 Antinous¹⁴
840 1227 1004 1270 infelix
1027 1228 1075 1269 in
1102 1228 1366 1271 Christiano
1392 1243 1468 1272 co-

114 1309 352 1355 ronentur,
378 1308 432 1348 ut
465 1305 565 1361 ipse
603 1304 922 1361 spectaculum
962 1305 1056 1355 fiat,
1087 1305 1214 1360 quod
1251 1309 1467 1362 spectare

114 1397 208 1426 non
243 1383 472 1428 debeat¹⁶.

205 1461 472 1512 Universas,
515 1465 570 1504 ut
613 1461 829 1512 arbitror,
872 1476 1035 1505 causas
1075 1460 1459 1512 enumeravimus,
1480 1478 1611 1505 Anthese
1622 1487 1666 1505 00-

1477 1510 1581 1534 casions
1592 1518 1638 1535 are

1476 1540 1618 1570 unlawful,
1628 1542 1685 1567 aud

110 1552 200 1582 nec
223 1537 318 1582 ulla
340 1539 584 1582 nobiscum
608 1542 707 1582 est:
745 1553 906 1582 omnes
930 1528 1107 1589 alienae,
1132 1539 1349 1595 profanae,
1375 1539 1459 1581 illi-
1476 1571 1629 1596 alienfrom

1476 1601 1573 1629 Christ.
1587 1603 1667 1633 being

111 1616 230 1667 citae,
264 1616 409 1660 semel
436 1616 538 1673 jam
569 1616 642 1659 itr·
654 1616 934 1660 sacramenti
964 1616 1220 1660 testatione
1254 1616 1456 1672 ejeratae.
1474 1631 1644 1694 irggffigion

108 1693 201 1736 Hae
225 1694 349 1738 enim
373 1697 507 1737 erant
530 1708 713 1750 pompae
744 1693 919 1737 diaboli
954 1697 1004 1737 et
1038 1692 1312 1750 angelorum
1344 1694 1457 1750 ejus,

110 1771 262 1814 officia
284 1770 454 1822 saeculi,
478 1771 692 1822 honores,
723 1771 1073 1821 sollemnitates,
1106 1771 1457 1827 popularitates,

109 1847 226 1892 falsa.
258 1854 381 1899 vota,
417 1848 621 1891 humana
666 1848 866 1898 servitia,
907 1848 1071 1891 laudes
1110 1863 1253 1898 vanae,
1294 1848 1456 1904 gloriae
1474 1865 1546 1893 rhu.
1558 1866 1593 1892 iii.
1604 1867 1644 1893 19.

108 1930 282 1984 turpes,
308 1930 358 1970 et
386 1926 435 1970 in
470 1926 685 1970 omnibus
708 1926 810 1970 istis
840 1926 1118 1970 idololatriae
1151 1926 1199 1968 in
1223 1925 1321 1969 solo
1346 1941 1458 1982 quo-

108 2047 216 2086 Spect.
231 2054 256 2076 c.
272 2055 326 2075 11:
349 2044 438 2084 Quid
459 2044 582 2081 mirum,
602 2044 632 2074 si
644 2047 674 2074 et
685 2054 745 2083 ap-

99 2099 242 2136 paratus
248 2105 383 2136 aqonum
394 2094 582 2125 idololatria
595 2103 746 2133 conspur-

105 2149 159 2178 cat
171 2146 210 2177 dc
222 2146 347 2177 coronis
355 2144 517 2184 profanis.
552 2144 635 2174 Ibid.
647 2154 654 2173 :
668 2143 747 2173 Inde

104 2200 134 2228 et
146 2195 211 2236 ipsi
223 2196 311 2226 sacri
323 2194 529 2234 velfimebres
541 2193 678 2224 instituti
690 2196 747 2223 aut

104 2247 170 2278 diis
200 2246 362 2276 nationum
395 2248 452 2275 aut
484 2244 616 2275 mortuis
646 2245 745 2283 fiunt.

104 2296 248 2327 Proinde
260 2296 346 2326 tituli
357 2306 367 2327 .-
394 2295 543 2335 Olympia
555 2294 746 2325 Jovi...item

104 2345 240 2376 Herculi
253 2346 419 2383 Nemeoea,
434 2345 581 2384 Neptuno
599 2344 745 2382 Isthmia,

103 2395 197 2427 ceteri
209 2396 380 2426 mortuaria·
392 2405 519 2435 aqonee.

163 2446 190 2465 ¹⁴
210 2445 429 2476 Archemorus.
464 2446 534 2476 The
548 2454 606 2475 son
628 2445 666 2475 of
679 2445 742 2485 Ly-

102 2503 231 2536 eurgus,
260 2497 294 2526 in
328 2496 436 2526 whose
469 2496 595 2525 honour
626 2495 745 2525 annual

101 2555 213 2586 gamos
246 2555 331 2576 were
357 2546 445 2577 held.
494 2545 660 2576 Antinous.
696 2545 744 2575 La

103 2596 209 2627 Corda
230 2599 344 2635 quotes
363 2595 540 2635 Hegesipp.
563 2595 649 2635 apud
665 2595 743 2626 Hie.

99 2654 222 2686 ronym.
235 2646 274 2676 de
287 2645 442 2685 Scriptor.
460 2646 602 2676 Eodem:
627 2645 742 2676 Tumu-

814 2043 861 2073 los
875 2043 1006 2073 mortuis
1024 2043 1199 2082 templaque
1202 2043 1361 2082 jecerunt,
1375 2044 1458 2074 sicut

813 2103 910 2133 usque
936 2094 1029 2123 hodie
1055 2093 1202 2130 videmus,
1227 2103 1243 2124 e
1270 2094 1384 2133 quibus
1411 2098 1457 2124 est

811 2146 842 2174 et
869 2143 1027 2173 Antinous
1052 2152 1160 2173 servus
1186 2142 1356 2173 Hadriani
1384 2143 1456 2174 Coe-

813 2194 909 2230 saris,
941 2193 993 2223 cui
1021 2196 1050 2222 et
1077 2192 1239 2232 qymnicus
1261 2202 1345 2231 aqon
1367 2202 1456 2223 exer-

813 2247 899 2274 cetur
907 2243 996 2282 apud
1002 2243 1172 2273 Antinoum
1182 2243 1349 2279 civitatem,
1358 2253 1454 2282 quam

811 2303 850 2323 ex
877 2293 945 2331 ejus
972 2294 1094 2323 nomine
1120 2293 1260 2323 condidit
1286 2297 1315 2323 et
1340 2295 1454 2324 statuit

808 2344 982 2383 prophetas
993 2344 1026 2373 in
1039 2344 1162 2382 templo.
1179 2343 1269 2382 They
1279 2343 1353 2373 who
1367 2353 1453 2376 were

811 2395 961 2425 crowned
984 2394 1016 2423 in
1041 2394 1118 2424 such
1140 2403 1251 2432 gamos
1271 2403 1326 2423 are
1346 2396 1453 2425 consi-

811 2445 908 2475 dered
923 2446 964 2484 by
979 2445 1019 2476 T.
1033 2447 1068 2474 to
1084 2447 1251 2483 represent
1264 2444 1320 2474 the
1333 2454 1450 2484 person

811 2495 844 2524 in
870 2495 979 2524 whose
1008 2494 1135 2524 honour
1151 2494 1207 2524 the
1229 2503 1341 2534 games
1362 2505 1450 2526 were

810 2545 1003 2575 celebrated.

870 2593 896 2613 ¹⁵
916 2597 1058 2633 spectare
1071 2603 1132 2624 non
1145 2594 1264 2625 debeat.
1290 2595 1370 2626 Cod.
1382 2596 1449 2636 Ag.

809 2645 873 2675 and
889 2644 963 2684 Rig.
978 2648 1120 2685 spectare
1133 2644 1229 2675 debet.
1256 2645 1354 2678 Oehl.
1364 2647 1450 2677 from>

1189 2699 1311 2746 7—5
